3059 4917
241 302 304 368 198
626 295 675 350 ΒΕ
695 294 851 350 NATURA
868 293 1030 350 DEORUM.

238 459 426 526 Chalcidico
449 458 574 543 Euripo
596 458 632 522 in
655 461 747 523 motu
770 457 948 523 identidem
966 457 1197 542 reciprocando
1219 462 1319 544 putas
1345 459 1422 525 fieri

238 571 334 633 posse
359 546 586 614 constantius?
610 546 688 633 quid
709 545 796 612 freto
821 545 1007 612 Siciliensi?
1031 546 1109 632 quid
1133 546 1255 612 Oceani
1284 547 1419 614 fervore

238 638 304 703 illis
327 637 363 703 in
384 637 465 703 locis

327 687 520 810 Europaim
543 723 783 810 Libyamque
805 747 927 810 rapax
949 724 1015 789 ubi
1038 723 1180 789 dividit
1202 725 1324 789 unda?

240 814 346 892 Quid?
370 818 479 880 aestus
503 813 660 878 maritimi
682 813 735 878 vel
756 812 992 898 Hispanienses
1014 813 1067 878 vel
1084 811 1268 879 Britannici
1286 835 1416 884 eorum-
1440 837 1456 875 5

238 925 302 990 que
326 903 423 970 certis
447 902 650 988 temporibus
674 903 726 967 vel
749 924 898 968 accessus
921 902 973 967 vel
995 923 1142 968 recessus
1166 901 1236 967 sine
1260 902 1319 967 deo
1342 903 1419 968 fieri

237 1015 305 1059 non
326 992 487 1078 possunt?
533 990 631 1076 Vide,
654 1013 790 1077 quaese,
813 991 842 1056 si
861 1013 973 1056 omnes
992 996 1101 1056 motus
1121 991 1308 1077 omniaque,
1331 1014 1417 1077 quae

135 1155 136 1158 Ἴ
238 1081 336 1148 certis
360 1080 563 1167 temporibus
588 1079 735 1146 ordinem
766 1103 862 1145 suum
894 1083 1101 1164 conservant,
1128 1079 1239 1144 divina
1266 1080 1417 1165 dicimus,

237 1193 278 1236 ne
302 1170 461 1236 tertianas
485 1191 614 1255 quoque
636 1167 744 1234 febres
776 1173 811 1234 et
840 1173 1017 1255 quartanas
1048 1168 1175 1234 diuinas
1206 1191 1277 1234 esse
1308 1169 1416 1234 dicen-

239 1260 316 1325 dum
340 1259 397 1344 sit,
442 1281 559 1323 uarum
581 1258 768 1323 reversione
795 1261 829 1323 et
858 1261 952 1323 motu
983 1257 1062 1343 quid
1093 1261 1205 1343 potest
1236 1279 1308 1323 esse
1340 1279 1416 1323 con·
1439 1280 1467 1319 ro

185 1361 219 1411 25
238 1347 403 1414 stantius?
457 1347 496 1413 ed
510 1346 657 1413 omnium
675 1346 793 1411 talium
811 1367 920 1411 rerum
937 1346 1023 1412 ratio
1041 1346 1204 1411 reddenda
1223 1350 1281 1411 est.
1319 1345 1416 1422 Quod

237 1460 296 1503 vos
304 1460 376 1504 cum
386 1435 494 1502 faeere
502 1457 570 1501 non
578 1435 733 1520 potestis,
747 1439 916 1520 tamquam
926 1435 961 1499 in
973 1457 1064 1500 aram
1074 1433 1253 1521 confugitis
1261 1435 1415 1501 addeum.

327 1526 373 1590 Et
396 1522 600 1609 Chrysippus
634 1524 696 1588 tibi
728 1528 823 1589 acute
855 1523 961 1589 dicere
993 1523 1180 1608 videbatur,
1211 1523 1310 1589 homo
1343 1524 1415 1589 sine

238 1615 337 1681 dubio
366 1616 517 1678 versutus
550 1616 584 1677 et
622 1613 756 1678 callidus
795 1611 959 1696 (versutos
997 1635 1052 1678 eos
1089 1612 1232 1698 appello,
1274 1635 1415 1699 quorum

238 1703 387 1769 celeriter
419 1723 511 1767 mens
543 1706 705 1786 versatur,
737 1701 873 1766 callidos
905 1705 1029 1787 autem,
1060 1724 1213 1787 quorum,
1245 1705 1415 1787 tamquam
1438 1724 1465 1762 15

238 1813 354 1858 manus
378 1813 488 1875 opere,
512 1790 560 1856 sic
583 1791 710 1856 animus
724 1813 787 1856 usu
806 1787 1010 1878 concalluit);
1033 1790 1062 1856 is
1086 1789 1206 1877 igitur:
1226 1788 1275 1855 ‘si
1289 1791 1414 1876 aliquid

238 1875 312 1965 est’,
335 1879 454 1966 inquit,
475 1875 578 1965 ‘quod
609 1878 708 1945 homo
741 1878 870 1945 efficere
901 1902 970 1945 non
998 1879 1118 1964 possit,
1149 1878 1207 1964 qui
1237 1879 1271 1943 id
1304 1879 1415 1966 efficit,

239 1968 354 2034 melior
377 1973 428 2034 est
450 1967 596 2055 homine3
619 1968 718 2034 homo
742 1973 854 2034 autem
875 1968 970 2055 haec,
993 1991 1075 2054 quae
1107 1969 1142 2032 in
1174 1967 1295 2033 mundo
1327 1973 1415 2053 sunt,

238 2057 367 2124 efficere
397 2080 465 2124 non
496 2061 619 2144 potest3
652 2058 709 2143 qui
739 2057 851 2142 potuit
881 2057 999 2144 igitur,
1029 2057 1058 2122 is
1076 2057 1238 2142 ‘praestat
1272 2057 1414 2142 homini3

237 2145 364 2212 homini
387 2151 497 2213 eutem
519 2150 686 2232 praestare
710 2147 783 2233 quis
801 2147 910 2231 possit
922 2146 988 2212 nisi
1006 2146 1106 2211 deus?
1125 2149 1177 2211 est
1194 2145 1298 2232 igitur
1316 2143 1411 2212 deus?
1433 2169 1462 2206 ςιο

238 2235 329 2302 Haeo
353 2235 463 2301 omnia
492 2235 528 2299 in
559 2236 686 2321 eodem,
718 2258 783 2321 quo
815 2235 873 2300 illa
902 2234 1055 2320 Zenonis,
1088 2256 1196 2300 errore
1231 2239 1415 2300 versantur.

184 2336 219 2386 aa
241 2324 325 2401 Quid
348 2325 436 2390 enim
458 2325 503 2388 sit
526 2324 656 2409 melius,
680 2323 758 2409 quid
780 2325 1024 2409 praestabilius,
1052 2323 1130 2410 quid
1152 2323 1239 2388 inter
1260 2327 1414 2389 naturam

238 2482 332 2535 setzen
342 2478 800 2549 derN'otwondigkeitschaffende
854 2479 981 2534 demiker
999 2479 1128 2550 verlangt
1144 2479 1259 2535 Grande
1276 2479 1322 2533 fur
1336 2479 1413 2536 diese

238 2551 322 2605 Krelt
340 2549 463 2618 auffallt,
487 2550 573 2604 nehm
592 2551 680 2605 erim
705 2553 800 2606 ersten
853 2549 1094 2620 Erscheinungen.
1115 2551 1208 2606 Wenn
1222 2552 1291 2606 aber
1308 2550 1413 2607 Balbus

240 2621 349 2690 Buche,
377 2620 408 2674 in
436 2619 529 2676 seiner
555 2621 684 2678 Polemik
707 2638 801 2692 gagen
854 2621 967 2692 gezeigt
983 2621 1048 2691 hat,
1076 2621 1134 2676 dall
1160 2621 1207 2677 die
1234 2621 1314 2676 Welt
1339 2624 1415 2677 nach

239 2694 295 2748 den
313 2691 490 2763 ,Epikureen
518 2699 623 2750 notura
659 2692 801 2748 vielmellr
854 2692 1014 2764 gottlichen
1033 2692 1120 2747 Ideen
1138 2693 1277 2764 geordnet
1298 2693 1353 2760 sei,
1380 2710 1413 2748 so

237 2765 277 2819 im
313 2763 457 2818 stoisohan
493 2763 580 2819 Sinne
617 2765 659 2819 als
695 2770 801 2820 actara
854 2764 906 2818 hat
923 2780 954 2818 er
978 2763 1025 2818 fiir
1051 2763 1129 2820 diese
1154 2763 1414 2834 aesetmaaigkeic

238 2837 356 2892 seuam
374 2841 399 2891 et
416 2836 578 2906 intellepeas.
605 2835 633 2894 S.
654 2836 799 2904 l,66;6'1.
854 2834 938 2890 einen
968 2835 1101 2891 besseren
1128 2835 1226 2890 Grund
1252 2835 1412 2906 angefuhrt,

276 2914 300 2963 1.
320 2906 477 2963 Olmlcidico
495 2907 619 2977 Etaipo,
648 2907 698 2962 der
724 2907 800 2960 noch
854 2906 896 2960 als
907 2905 991 2961 Cotta
1001 2906 1031 2976 J'e
1046 2906 1116 2960 wird
1130 2906 1333 2976 beizubringen
1350 2922 1413 2961 ver·

240 2979 290 3033 der
316 2977 399 3032 Stadt
417 2976 529 3033 Chalcis
553 2978 604 3032 auf
629 2978 727 3032 Euboe
749 2978 799 3032 be·
852 2983 965 3046 mugen.

238 3050 344 3104 nannte
363 3048 441 3103 Sund
463 3048 603 3104 awischen
620 3048 720 3104 Euboe
740 3049 799 3102 und
890 3054 932 3106 12.
951 3057 1092 3118 tamquam
1118 3050 1150 3104 ia
1172 3065 1266 3118 cram,
1284 3047 1338 3103 wie
1366 3047 1413 3103 die

238 3119 347 3174 Attika.
397 3118 455 3173 Das
487 3119 612 3190 Bcispiel
649 3120 688 3174 ist
718 3119 800 3174 nicht
854 3117 955 3189 ἱκέται,
976 3119 1039 3175 eine
1062 3119 1304 3190 sprichwortliche
1327 3119 1413 3174 Wen-

238 3191 361 3261 passend
387 3189 523 3259 gewahlt,
557 3191 594 3244 da
618 3190 724 3260 genade
751 3190 799 3246 die
853 3190 938 3260 dung,
958 3207 990 3245 so
1008 3192 1132 3246 inarum
1150 3192 1309 3247 tribemctca
1328 3192 1413 3260 (post.

238 3259 799 3400 lttttlmlsstttstillantes
852 3262 982 3400 ‘etde
998 3263 1037 3402 ἒξ
1053 3278 1133 3316 ‘'“m
1155 3263 1243 3333 ¹⁶⁹¹?
1268 3263 1414 3333 mmm

236 3417 339 3457 waren.
377 3349 556 3470 Hipparchus
582 3400 610 3457 b.
632 3401 709 3458 Stob.
738 3403 798 3460 flor.
891 3409 932 3458 14.
951 3375 1071 3460 veientes
1089 3419 1133 3459 eoa
1145 3405 1253 3472 appello
1267 3406 1321 3458 etc.
1341 3401 1413 3458 Eine

239 3491 266 3544 p.
289 3478 354 3527 5⁷4:
387 3467 494 3526 ἄστατά
525 3491 554 3526 τε
594 3474 643 3528 καὶ
675 3469 800 3598 &pipere
853 3475 1009 3529 besondere
1060 3473 1293 3544 Notwendigkeit
1335 3473 1413 3530 disse

240 3539 368 3612 Εὐρίπου
378 3539 491 3612 τρόπον.
501 3543 565 3614 Vgl.
574 3543 729 3600 Liuxxrn
746 3547 799 3612 1,e.
854 3545 960 3612 Worte,
979 3546 1050 3600 fiber
1063 3545 1150 3599 deren
1163 3545 1333 3616 Bedeutung
1345 3544 1414 3599 kein

274 3621 300 3670 4.
311 3615 454 3684 wopam
462 3615 633 3687 Libyamque
646 3619 700 3672 etc.
718 3616 800 3670 Nach
853 3615 1414 3686 Zweifelobwaltenkannetymologisch

240 3686 351 3741 Vahlen
368 3705 396 3756 p.
411 3692 446 3742 45
465 3702 515 3741 aus
540 3687 611 3742 Ean.
635 3687 735 3744 Annal.
751 3688 799 3742 IX.
854 3685 1412 3755 zuerklaren,isthiernichtvorhanden;

239 3756 376 3813 Dasselbe
405 3756 481 3812 Oitat
507 3758 582 3812 auch
607 3757 688 3813 Taso.
709 3760 798 3826 1‚4o.
853 3756 951 3812 Cicero
969 3758 1021 3812 hat
1043 3757 1106 3813 eine
1130 3757 1250 3828 gewisse
1277 3757 1412 3814 Vorliebe

239 3829 474 3899 Vgl.Hor.earm.
486 3828 614 3898 Illas:
633 3831 800 3898 quomedius
852 3829 898 3882 fur
916 3828 1097 3900 dergleichen
1114 3829 1337 3899 Bemerkungen.

238 3901 330 3970 liquor
354 3902 468 3955 secana?
494 3900 628 3969 Europen
658 3902 693 3957 ab
719 3902 800 3970 Asso.
890 3906 932 3957 15.
942 3907 1159 3970 tamquam-aut.
1175 3900 1202 3956 S.
1210 3901 1288 3968 [,1oa
1297 3902 1413 3971 aquosi.

276 3977 300 4026 9.
326 3972 461 4026 tertianae
478 3997 506 4017 =
523 3973 602 4027 tertio
627 3988 731 4042 qaoque
755 3973 801 4028 die
890 3977 934 4027 21.
952 3972 1032 4028 Haec
1048 3974 1081 4027 ia
1098 3973 1187 4027 ecdem
1201 4003 1236 4013 -
1249 3989 1339 4028 errore
1355 3989 1413 4028 ocr-

238 4047 404 4098 revertentes.
854 4049 961 4098 mutar.
1007 4043 1071 4097 Von
1103 4041 1215 4098 Sacben
1245 4041 1317 4097 wird
1349 4059 1412 4097 aus-

277 4119 319 4168 10.
329 4109 653 4182 rwesioaeetmotu,?v
661 4111 710 4168 διὰ
719 4115 800 4169 δυοῖν
874 4115 967 4184 esagt,
995 4131 1053 4168 was
1090 4113 1246 4184 cigentlich
1277 4132 1330 4168 nur
1356 4130 1414 4169 von

234 4180 296 4238 ‘die
311 4183 489 4272 pepiodische
504 4182 735 4269 Erechdtterung‚
750 4185 800 4239 Er·
853 4131 992 4271 iersonen
1011 4184 1074 4254 gilt.
1098 4184 1163 4277 llgl.
1178 4185 1200 4254 l,
1211 4191 1260 4241 37:
1279 4187 1312 4241 ia
1324 4201 1414 4269 errore

239 4254 471 4391 {esselis
486 4258 801 4382 ttttftlffi
853 4256 1412 4396 {tft?a?·.·„ttt¹et⁰ttt?·

239 4395 411 4461 capitatione.
889 4405 931 4453 aa.
953 4398 1027 4469 Quid
1040 4399 1077 4453 eit
1090 4399 1194 4464 melius,
1209 4399 1277 4467 quid
1286 4405 1412 4467 maeata-

278 4467 319 4515 11.
337 4465 410 4518 ratio
428 4466 566 4519 reddendo
584 4471 629 4520 est.
650 4465 706 4520 Der
723 4465 799 4520 Ake·
854 4469 945 4524 beliae.
970 4469 1046 4522 Danu
1064 4467 1103 4521 ist
1120 4484 1170 4522 aus
1185 4468 1249 4523 dem
1258 4467 1413 4537 folgenden
