3059 4917
235 279 299 345 108
614 275 664 330 Im
682 273 836 329 NATURA
852 273 1018 331 DEORUM.

234 437 448 523 soliditatem,
471 437 614 502 animam
632 437 771 523 denique
788 437 880 502 illam
899 437 1101 522 spirabilem,
1119 435 1148 500 si
1168 433 1240 520 quis
1260 439 1410 519 quaerat,
1510 420 1512 471 l

196 533 203 542 ‘
234 526 319 591 unde
340 525 531 610 habeamus,
554 531 702 611 apparet,
725 526 811 612 quod
831 527 919 592 aliud
937 549 957 591 a
974 531 1063 590 terra
1082 522 1294 607 sumpsimus,
1317 522 1409 587 aliud

234 614 275 680 ab
299 636 425 700 umore,
448 615 536 679 aliud
558 616 599 679 ab
622 615 706 701 igni,
729 615 818 679 aliud
836 616 878 680 ab
897 620 970 680 6166
988 636 1040 699 eo,
1064 634 1159 698 quem
1179 610 1299 694 spiritu
1316 611 1407 676 duci-

196 704 317 768 lmus.
366 703 452 768 Illud
483 707 606 787 autem,
638 703 725 789 quod
752 704 856 768 vincit
881 703 962 768 haee
990 701 1112 782 omnia,
1144 700 1306 765 rationem
1333 700 1407 765 dico

236 795 282 876 et,
301 790 329 856 si
346 791 455 875 placet
472 792 620 875 pluribus
639 791 761 877 verbis,
780 795 937 876 mentem,
956 790 1142 874 consilium,
1161 789 1408 874 cogitationem,
1430 807 1447 849 s
1511 828 1513 882 ,

233 879 454 965 prudentiam,
489 880 546 944 ubi
582 880 788 946 invenimus?
828 880 913 944 unde
946 878 1161 944 sustulimus?
1212 876 1267 942 An
1298 882 1409 942 cetera
1507 886 1513 931 ¹

233 968 373 1032 mundus
405 968 540 1033 habebit
572 969 712 1054 omnia,·
727 968 791 1034 hoc
817 991 933 1055 unum,
965 967 1051 1053 quod
1078 965 1212 1051 plurimi
1244 970 1309 1051 cst,
1338 988 1409 1030 non

233 1055 390 1121 habebit?
426 1055 531 1142 Atqui
554 1062 640 1122 certe
662 1057 747 1122 nihil
770 1057 917 1123 omnium
938 1079 1048 1121 rerum
1070 1055 1186 1120 melius
1206 1058 1257 1119 cst
1275 1054 1410 1138 mundo,
1511 1128 1512 1133 η

233 1144 317 1210 nihil
343 1146 588 1230 praestabilius,
614 1146 698 1210 nihil
725 1146 908 1230 pulchrius,
934 1167 994 1210 nec
1022 1145 1129 1209 solum
1150 1142 1235 1207 nihil
1258 1147 1322 1228 est,
1349 1143 1408 1207 sed
1511 1142 1512 1163 ¹

233 1255 275 1298 ne
308 1233 447 1320 cogitari
479 1235 610 1320 quidem
640 1234 814 1319 quicquam
841 1234 957 1299 melius
984 1237 1104 1318 potest.
1150 1232 1196 1297 Et
1223 1231 1252 1296 si
1278 1231 1408 1297 ratione
1428 1251 1459 1291 ro

235 1326 269 1387 et
298 1322 459 1406 sapientia
486 1322 570 1387 nihil
600 1327 650 1388 cst
678 1323 808 1408 melius,
836 1345 969 1388 necesse
996 1324 1046 1386 est
1068 1320 1149 1386 haec
1171 1320 1277 1385 inesse
1300 1320 1336 1384 in
1359 1343 1408 1405 eo,

182 1425 216 1475 19
235 1411 321 1496 quod
354 1411 515 1496 optimum
547 1433 617 1476 esse
649 1411 864 1477 concedimus.
920 1410 1004 1487 Quid
1035 1409 1135 1475 vero?
1173 1412 1267 1473 tanta
1296 1431 1408 1473 rerum

235 1501 456 1584 consentiens,
484 1500 689 1585 conspirans,
712 1500 903 1565 continuata
926 1499 1078 1586 cognatio
1102 1520 1199 1582 quem
1221 1519 1288 1563 non
1311 1502 1410 1584 coget

236 1609 287 1673 ea,
310 1609 392 1673 quae
415 1587 568 1653 dicuntur
591 1611 610 1652 a
633 1611 698 1672 me,
722 1589 956 1675 comprobare?
993 1588 1151 1653 Possetne
1173 1607 1239 1651 uno
1260 1590 1409 1670 tempore

234 1676 363 1760 florere,
395 1675 471 1740 dein
498 1676 644 1741 vicissim
672 1677 806 1742 horrere
835 1677 945 1742 terra?
981 1681 1039 1742 aut
1065 1679 1117 1741 tot
1145 1675 1243 1739 rebus
1266 1674 1347 1758 ipsis
1371 1697 1408 1739 se
1428 1693 1457 1736 re

234 1764 485 1829 immutantibus
514 1765 592 1830 solis
621 1787 770 1830 accessus
793 1765 1019 1850 discessusque
1042 1763 1195 1829 solstitiis
1218 1763 1409 1848 brumisque

235 1852 412 1938 cognosci?
452 1857 510 1918 aut
541 1858 651 1919 aestus
683 1846 842 1919 maritimi
872 1853 1096 1938 fretorumque
1128 1851 1299 1938 angustiae
1331 1857 1410 1916 ortu

139 1995 142 2001 .
235 1944 293 2006 aut
316 1939 409 2005 obitu
431 1941 527 2006 lunae
550 1943 770 2009 commoveri?
799 1947 857 2008 aut
879 1965 944 2007 una
967 1942 1070 2007 totius
1094 1941 1175 2007 caeli
1198 1940 1410 2005 conversione

236 2051 349 2095 cursus
373 2033 537 2095 astrorum
560 2031 705 2116 dispares
729 2031 936 2098 conservari?
981 2030 1071 2095 Haec
1092 2029 1141 2094 ita
1163 2029 1235 2094 fieri
1256 2029 1410 2094 omnibus

118 2126 122 2133 '
235 2118 321 2183 inter
349 2141 383 2184 66
411 2115 656 2185 concinentibus
684 2121 798 2185 mundi
824 2120 974 2205 partibus
1001 2118 1149 2203 profecto
1174 2140 1242 2182 non
1262 2122 1410 2203 possent,
1429 2139 1458 2179 so

182 2220 218 2272 1ο
234 2206 300 2272 6161
323 2229 361 2272 66
384 2229 449 2272 uno
472 2208 582 2275 divino
606 2213 640 2274 et
661 2209 851 2275 continuato
870 2208 990 2293 spiritu
1008 2207 1262 2272 continerentur.
1297 2206 1411 2292 Atque

234 2295 316 2361 haec
339 2317 413 2360 cunr
435 2297 568 2362 uberius
592 2297 802 2381 disputantur
825 2301 859 2362 et
880 2296 999 2382 fusius,
1021 2300 1059 2361 ut
1077 2295 1159 2359 mihi
1177 2300 1228 2360 est
1245 2294 1281 2360 in
1298 2295 1410 2360 animo

273 2527 298 2577 7.
314 2522 434 2577 mundus
445 2522 554 2578 babebit
568 2518 664 2578 ‘sollte
678 2522 794 2592 haben’,
847 2523 902 2579 mit
927 2540 1050 2580 66666666
1075 2525 1259 2593 saeuaeque
1285 2539 1319 2575 66
1345 2536 1410 2576 ver-

236 2591 371 2646 6116661
385 2592 436 2646 (166
449 2592 579 2648 Latciner
593 2594 632 2648 im
646 2611 793 2663 66366666-
847 2594 963 2650 binden.

235 2664 298 2717 tum
316 2679 331 2716 6
346 2663 486 2718 centeno
501 2667 570 2719 stete
585 2665 640 2720 den
651 2664 795 2720 Indikativ
886 2672 927 2721 17.
937 2672 1028 2720 666166
1036 2667 1178 2721 madelmi.
1196 2665 1239 2720 De
1249 2663 1305 2720 div.
1314 2663 1348 2733 Il,
1360 2671 1409 2718 832

236 2733 396 2788 Praesentis
422 2734 489 2790 oder
506 2734 605 2790 Futuri
629 2736 794 2807 gebraucht.
848 2753 965 2807 6666666
989 2753 1112 2792 66666666
1135 2743 1161 2792 61
1182 2752 1302 2792 recessus
1325 2736 1411 2790 16666
1515 2782 1516 2803 .

236 2804 530 2875 vgl.11,sr;111‚4a
848 2815 923 2863 (6616
941 2810 1137 2880 paternoster.
1174 2807 1238 2862 Von
1257 2807 1313 2861 (166
1321 2805 1410 2860 Alten

273 2882 315 2930 13.
348 2879 517 2933 concamiare
549 2906 583 2918 -
615 2879 741 2949 66966116
848 2878 929 2933 hatte
961 2878 1113 2933 besonders
1139 2876 1306 2932 Posidonius
1337 2876 1410 2930 fiber

237 2943 796 3090 eeu‘castrametatas
849 2948 1144 3090 1111111111
1160 2947 1409 3089 aeuus

237 3087 309 3142 aller
340 3088 419 3143 Taile
455 3091 506 3144 der
535 3090 614 3145 Welt
643 3091 702 3145 und
733 3091 796 3144 ihre
850 3091 1013 3161 angeetellt.

241 3158 509 3230 Wechselwirlrung.
564 3161 637 3216 Dem
682 3161 796 3216 Stoilrer
883 3164 1016 3231 fretorum
1056 3163 1208 3233 6669661166.
1269 3160 1322 3215 Die
1358 3160 1407 3214 Er-

237 3227 276 3284 161
292 3230 427 3285 dioWelt
440 3230 487 3285 616
500 3230 796 3300 organischesGansa
850 3232 1007 3302 scheinung
1030 3233 1080 3287 der
1104 3232 1183 3287 Ebbe
1205 3232 1263 3286 und
1281 3232 1349 3285 Flut
1370 3231 1411 3285 161

238 3299 284 3354 616
312 3303 392 3366 ζῶον.
436 3300 532 3355 Durch
559 3302 606 3356 (116
633 3302 796 3358 mehrfache
849 3303 888 3358 im
920 3303 1091 3358 Mittelmeer
1127 3302 1345 3373 hauptsaohlich
1378 3301 1409 3356 in

237 3369 462 3441 Wiederholung
488 3388 544 3426 von
571 3389 622 3430 666
649 3373 719 3426 wird
746 3374 796 3428 der
849 3375 905 3429 (166
924 3374 1038 3429 Sunden
1055 3374 1113 3428 und
1129 3374 1301 3444 Meerengen
1318 3372 1408 3427 wahr-

238 3439 345 3508 Begriff
359 3441 422 3496 'der
449 3441 797 3514 zusammengehorigkeit
848 3446 995 3500 nehmbar.

237 3511 400 3581 gestcigert.
436 3512 616 3585 16111118.
887 3523 928 3572 18.
947 3534 1006 3571 666
1025 3513 1111 3571 ‘auch
1128 3533 1181 3568 nur
1196 3514 1244 3571 bei
1258 3513 1408 3570 61666616-

276 3587 318 3637 14.
331 3600 388 3639 666
397 3590 513 3655 tempore
526 3616 560 3626 -
574 3587 796 3642 cicieetm=ale⁹o
849 3585 953 3658 zigen’.

237 3658 354 3723 tempore
381 3687 415 3696 -
443 3658 507 3712 alio.
554 3657 639 3713 Sonat
669 3657 708 3712 ist
738 3674 796 3713 666
887 3666 928 3715 19.
948 3674 1045 3714 careres
1062 3657 1202 3727 dispares,
1220 3656 1266 3711 die
1281 3657 1331 3711 der
1345 3655 1408 3710 Pla-

237 3730 354 3796 tempore
377 3727 557 3796 gawohnlich
575 3747 672 3785 =emo
694 3730 795 3784 661666-
849 3731 935 3784 66166
956 3729 1012 3782 und
1035 3727 1189 3784 Fixsterne.
1223 3717 1300 3783 ilbar
1323 3727 1410 3782 deren

237 3812 288 3866 que
310 3804 433 3868 tempore.
471 3799 579 3868 Wegen
599 3801 718 3856 61616616
736 3800 796 3870 vgl.
850 3800 969 3855 Bahnen
987 3805 1096 3866 6149.

239 3867 275 3921 (16
296 3867 352 3938 leg.
371 3869 405 3936 11,
416 3875 464 3924 43:
491 3873 570 3926 modo
594 3872 729 3938 timentes,
754 3873 794 3926 oi-
885 3877 927 3926 11.
942 3872 1101 3926 6661166616
1109 3871 1221 3940 spiritu,
1236 3870 1286 3924 (166
1295 3869 1410 3938 πνεῦμα

238 3939 725 4012 611116666166666616616119106116.
849 3938 951 4010 νοερὸν
974 3941 1024 3995 aul
1046 3939 1196 4010 πυροειδὲς
1219 3941 1269 3996 (166
1288 3939 1409 4008 Stoiker,

275 4017 317 4065 15.
332 4018 372 4066 161
385 4013 464 4066 rebus
473 4014 541 4081 ipsis
550 4028 578 4067 ee
587 4014 797 4068 166616616166
850 4012 972 4067 welches
990 4012 1247 4081 ununterbrcchen‚
1267 4011 1294 4066 d.
1308 4011 1336 4066 h
1351 4008 1409 4064 ein-

238 4080 301 4136 ass.
321 4081 371 4135 (166
388 4082 530 4152 11166666,
545 4099 595 4138 666
610 4083 696 4138 (16666
713 4099 795 4153 orga-
850 4083 970 4138 heitlich
989 4083 1128 4138 (11611611
1147 4082 1333 4152 durchdringt
1351 4081 1410 4135 und

237 4149 351 4206 nischer
379 4154 470 4223 (rbere)
498 4154 700 4224 Verenderung
731 4171 797 4208 man
849 4155 1025 4210 beherrscht

238 4222 290 4277 661
314 4223 376 4277 6166
404 4222 523 4293 gredere
551 4225 619 4279 oder
648 4223 797 4295 geringere
887 4231 929 4280 11.
943 4227 1036 4293 fusius
1046 4221 1088 4278 ‘in
1097 4223 1227 4279 lreierem
1236 4221 1355 4293 Ergull'‚
1369 4220 1410 4275 im

238 4292 415 4364 Entfernung
444 4295 495 4350 der
526 4295 618 4350 Sonus
650 4294 798 4351 schliessen
851 4295 1009 4366 Gegsnsatz
1028 4314 1061 4350 au
1080 4295 1145 4348 dem
1160 4297 1298 4351 66661666
1311 4310 1346 4349 66
1357 4295 1409 4348 mi-

237 4361 323 4418 kann·
849 4374 949 4422 661666
972 4367 1082 4422 dicendi
1098 4383 1197 4437 66666,
1215 4365 1352 4420 walchem
1369 4361 1411 4417 im

275 4438 317 4489 16.
344 4435 468 4490 solstitiis
493 4437 648 4506 brumisque
675 4435 714 4491 ist
742 4453 798 4506 eng
851 4437 1040 4506 allgemeinen
1063 4436 1109 4490 die
1129 4436 1242 4491 Stoiher
1264 4434 1409 4505 huldigen,
