3059 4917
487 245 698 303 LIB.11.0AP.
717 252 831 302 59-61.
850 251 865 311 ξ
881 250 1030 300 149-153.
1282 250 1344 314 179

169 418 340 480 sumantur
361 413 413 478 vel
432 412 627 477 mandentur
650 409 782 476 condita
803 407 976 492 vetustati,
999 411 1033 472 et
1055 411 1224 492 praeterea
1245 410 1346 474 vesci-

168 526 242 569 mur
275 501 390 567 bestiis
425 505 459 566 et
492 499 631 565 terrenis
664 503 697 564 et
725 497 924 583 aquatilibus
953 501 987 561 et
1008 497 1195 563 volantibus
1222 497 1344 580 partim

169 591 341 676 capiendo,
381 589 504 674 partim
542 588 667 654 alendo.
722 586 894 652 Efficimus
932 586 1031 651 etiam
1068 586 1194 651 domitu
1229 590 1344 650 nostro

137 678 771 835 .tutitttttttttrdultt.
786 674 1246 849 ttttdttt.t³tsstz
1261 674 1343 828 ἱῙΞῘΞΞ

168 858 246 944 iuga
268 856 481 941 imponimus,
507 878 568 921 nos
591 853 841 939 elephantorum
864 853 1073 918 acutissumis
1098 815 1262 937 sensibus:
1283 875 1344 918 nos

169 946 349 1033 sagacitate
368 966 485 1010 canum
503 945 544 1009 ad
562 943 741 1008 utilitatem
758 946 908 1007 nostram
926 942 1105 1028 abutimur,
1128 963 1188 1006 nos
1206 946 1344 1007 eterrae

170 1035 315 1102 cavernis
338 1033 461 1098 ferrum
486 1033 646 1118 elicimus,
669 1054 739 1096 rem
762 1031 803 1095 ad
827 1031 978 1096 colendos
1003 1052 1099 1117 agros
1118 1031 1345 1115 necessariam,

168 1146 229 1190 nos
262 1122 360 1208 aeris,
392 1122 535 1209 argenti,
566 1121 638 1186 auri
669 1143 768 1186 venas
798 1119 929 1204 penitus
953 1120 1081 1184 abditas
1104 1120 1288 1185 invenimus
1312 1125 1345 1185 et

125 1233 152 1274 ιο
170 1213 211 1279 ad
241 1235 337 1277 usum
365 1215 460 1296 aptas
488 1214 521 1276 et
544 1211 585 1275 ad
608 1213 761 1275 ornatum
785 1208 932 1293 decores,
962 1208 1117 1274 arborum
1139 1214 1249 1274 autem
1273 1231 1346 1274 con·

170 1301 315 1368 sectione
343 1300 495 1385 omnique
523 1299 660 1364 materia
683 1303 717 1363 et
740 1298 829 1363 culta
852 1302 885 1362 et
908 1297 1051 1362 silvestri
1074 1298 1196 1382 partim
1218 1298 1259 1362 ad
1282 1299 1345 1362 cal·

169 1389 343 1455 ficiendum
362 1411 480 1473 corpus
499 1388 570 1475 igni
589 1387 738 1452 adhibito
753 1391 787 1452 et
800 1387 841 1451 ad
854 1385 1075 1472 mitigandum
1089 1387 1198 1451 cibum
1212 1387 1345 1469 utimur,

169 1478 291 1563 partim
322 1478 363 1542 ad
395 1477 643 1562 aedificandum,
675 1479 713 1540 ut
745 1475 843 1541 tectis
872 1475 978 1559 saepti
1005 1474 1131 1562 frigora
1158 1476 1345 1561 caloresque

168 1567 337 1651 pellamus.
397 1565 536 1653 Magnos
573 1587 650 1631 vero
687 1587 765 1631 usus
803 1562 910 1629 adfert
946 1564 986 1628 ad
1022 1564 1154 1650 navigia
1188 1562 1346 1650 facienda,
1358 1582 1408 1632 152

123 1676 150 1716 rs
169 1678 308 1741 quorum
350 1655 498 1721 cursibus
541 1653 792 1739 subpeditantur
833 1675 946 1718 omnes
988 1653 1130 1738 undique
1167 1653 1207 1717 ad
1242 1653 1346 1718 vitam

170 1745 298 1830 copiae,
340 1766 485 1829 quasque
526 1765 578 1808 res
620 1741 875 1808 violentissimas
912 1745 1031 1807 natura
1067 1741 1198 1828 genuit,
1234 1765 1346 1807 earum

173 1833 432 1898 moderationem
449 1854 510 1897 nos
529 1831 593 1896 soli
610 1831 784 1916 habemus,
807 1831 907 1895 maris
926 1835 1025 1916 atque
1043 1835 1228 1916 ventorum,
1247 1853 1345 1916 prop·

170 1927 221 1986 ter
247 1921 454 1986 nauticarum
481 1942 591 1985 rerum
614 1919 786 1985 scientiam
813 1919 1028 2004 plurimisque
1051 1920 1225 1985 maritimis
1248 1921 1345 1986 rebus

169 2007 309 2074 fruimur
332 2012 430 2095 atque
453 2009 585 2073 utimur.
626 2008 842 2074 Terrenorum
865 2008 946 2074 item
970 2009 1214 2075 commodorum
1239 2009 1345 2074 omnis

125 2117 153 2158 ro
172 2101 222 2163 est
244 2098 280 2161 in
297 2097 429 2162 homine
449 2097 645 2163 dominatus.
681 2095 751 2163 Nos
772 2097 910 2182 campis,
931 2119 992 2163 nos
1011 2097 1178 2163 montibus
1197 2097 1345 2183 fruimur,

169 2187 276 2252 nostri
296 2191 373 2251 sunt
396 2208 521 2271 amnes,
543 2186 650 2251 nostri
668 2187 772 2271 lacus,
794 2208 854 2252 nos
872 2185 984 2272 fruges
1003 2185 1151 2272 serimus,
1173 2208 1233 2252 nos
1253 2187 1346 2251 arbo-

169 2297 235 2361 res,
253 2297 314 2341 nos
333 2297 492 2360 aquarum
509 2275 753 2340 inductionibus
771 2275 868 2340 terris
886 2273 1121 2339 fecunditatem
1139 2275 1266 2360 damus,
1284 2297 1345 2340 nos

168 2365 304 2430 flumina
326 2386 487 2450 arcemus,
510 2363 702 2451 derigimus,
726 2363 917 2449 avertimus,
938 2363 1063 2429 nostris
1086 2364 1224 2450 denique
1245 2365 1346 2429 mani·

167 2455 229 2520 bus
253 2454 289 2518 in
311 2476 420 2519 rerum
441 2458 560 2519 natura
583 2453 678 2538 quasi
700 2453 837 2518 alteram
860 2458 1013 2518 naturam
1031 2451 1159 2519 efficere
1182 2476 1345 2520 conamur.

123 2563 149 2606 rs
260 2542 344 2619 Quid
375 2542 475 2608 vero?
511 2542 681 2609 hominum
709 2541 795 2607 ratio
822 2564 890 2607 non
916 2542 953 2606 iu
976 2543 1101 2607 caelum
1123 2565 1227 2628 usque
1249 2565 1345 2627 pene-

169 2631 292 2696 travit?
331 2629 399 2696 soli
423 2631 509 2696 enim
532 2653 571 2696 ex
594 2631 817 2696 animantibus
839 2653 900 2697 nos
924 2635 1088 2697 astrorum
1107 2635 1211 2716 ortus,
1235 2632 1344 2697 obitus

170 2741 348 2804 cursusque
379 2720 604 2806 cognovimus,
637 2721 678 2785 ab
708 2719 880 2785 hominum
910 2742 1027 2807 genere
1056 2719 1169 2785 finitus
1193 2724 1244 2784 est
1266 2720 1345 2806 dies,

170 2807 307 2893 mensis,
329 2829 448 2893 annus,
470 2807 669 2874 defectiones
693 2809 772 2875 solis
797 2813 831 2873 et
853 2809 949 2874 lunae
973 2808 1124 2894 cognitae
1147 2808 1345 2893 praedictae

1364 2605 1405 2668 61

1356 2694 1407 2744 rte

208 3005 231 3055 1.
250 3000 378 3055 uauctuti
400 3014 456 3053 von
479 2998 529 3054 der
547 2998 730 3070 unkunltigen
784 3004 843 3056 tum
852 3002 965 3070 penitus
978 3001 1101 3056 abditum
1116 3003 1180 3055 eine
1198 3000 1344 3071 poetische

169 3069 242 3139 Zeit,
271 3068 325 3124 wie
351 3088 379 3139 p.
405 3068 465 3124 Mil.
492 3075 539 3125 98:
568 3071 648 3126 uultu
677 3089 729 3126 uu·
783 3071 977 3126 Reminiscenz
992 3088 1042 3126 aus
1057 3070 1149 3126 einem
1158 3070 1296 3142 Tragiker
1310 3091 1344 3126 zu

169 3157 252 3210 guam
277 3142 436 3196 obmutescet
461 3147 593 3208 uetustas,
620 3141 678 3195 und
699 3140 729 3196 in
784 3141 852 3196 sein.
888 3141 1019 3197 Ribbeck
1037 3147 1110 3212 trag.
1128 3142 1227 3213 fragm.
1239 3162 1267 3213 p.
1283 3150 1343 3199 220.

168 3209 728 3282 thnlicheerrbindungCat.d.r.r.114:
820 3220 862 3271 11.
897 3215 1016 3270 alcestrc'
1048 3210 1129 3267 ‘wild
1170 3212 1343 3270 wachsend'.

168 3284 264 3338 viuum
281 3299 388 3338 cacare
405 3284 438 3337 iu
456 3289 620 3339 sauciatam.
782 3283 853 3338 Plin.
875 3303 902 3339 n.
916 3285 944 3340 h.
958 3285 1032 3354 VIII,
1047 3291 1096 3339 41:
1117 3286 1247 3342 alvearia
1271 3303 1343 3343 roca.

204 3355 496 3422 secamur-alecto,
515 3371 582 3408 man
596 3357 728 3409 erwartet
820 3361 860 3410 14.
879 3357 971 3423 adfert
988 3373 1027 3413 sc.
1041 3357 1164 3413 mucia.

166 3424 305 3481 vielmehr
347 3441 416 3496 quus
453 3427 560 3496 partim
596 3427 730 3496 capimua
820 3432 862 3483 19.
880 3427 1004 3494 fruimur
1020 3434 1101 3497 atquc
1114 3429 1228 3496 utimur,
1246 3429 1343 3483 natur-

163 3499 271 3566 partu‘m
288 3497 397 3552 alimus.
804 3495 919 3552 amabor
954 3503 1028 3552 ware
1072 3498 1118 3553 die
1156 3498 1344 3568 umgekehrte

203 3573 229 3622 4.
304 3568 448 3637 dripedum
461 3569 603 3636 uelimus,
618 3567 664 3623 ein
677 3585 728 3622 un·
784 3515 893 3623 {telluri
931 3567 1024 3623 dieser
1041 3569 1146 3624 beiden
1159 3569 1269 3639 Wortc,
1288 3573 1343 3624 wie

168 3642 249 3706 gewb
270 3636 379 3691 nlicher
402 3638 563 3694 abstrakter
580 3639 728 3694 Ausdruclr
783 3639 858 3707 1‚ao.
921 3640 959 3708 gl.
971 3640 1078 3710 jedoch
1091 3641 1128 3695 ad
1141 3640 1207 3697 fam.
1222 3641 1284 3709 VII,
1294 3647 1343 3696 30:

168 3707 214 3761 fur
232 3712 264 3762 ut
282 3709 462 3777 quadripedes
479 3710 585 3766 cetum.
782 3710 819 3766 Id
838 3716 877 3766 cst
890 3712 1020 3781 cuiusque
1029 3713 1186 3782 proprium,
1200 3727 1253 3780 quo
1266 3713 1341 3781 quis-

205 3782 229 3832 7.
249 3778 391 3833 abutimur
404 3774 468 3832 ‘wir
484 3783 589 3834 nutzcn
607 3777 674 3836 aus'.
782 3797 833 3851 que
849 3783 957 3850 struitur
974 3789 1054 3851 atquc
1071 3784 1169 3837 utitur.

205 3853 229 3902 8.
248 3848 370 3904 elicimus
384 3843 448 3904 ‘wir
468 3849 635 3920 gewinnen’‚
664 3850 728 3906 eine
819 3858 861 3907 22.
876 3870 1013 3924 aquarum
1026 3852 1342 3909 iuuuuiouutru=irri-

168 3918 199 3972 in
226 3917 332 3972 diesem
366 3917 451 3974 Sinna
486 3921 529 3976 oft
554 3923 728 3990 gebrauchte
782 3924 947 3995 potionibus.

167 3989 325 4060 Metapher.
334 3989 399 4060 Vgl.
412 3991 448 4046 de
457 3990 504 4046 dn.
513 3992 546 4059 V,
555 3998 602 4046 51:
615 3995 728 4063 fabulae
818 4000 861 4050 23.
879 3995 1127 4065 arcemuc=riprb
1140 3999 1343 4050 mtrccmua—

167 4063 261 4129 fictoe,
279 4077 313 4116 ac
330 4063 430 4131 quatu
447 4063 557 4118 utelitas
573 4065 654 4119 uultu
667 4066 730 4120 elici
782 4066 931 4139 &cifimus
945 4061 1133 4136 ‘regulieren'.

162 4138 266 4203 potest,
301 4133 360 4187 und
388 4139 403 4200 5
434 4139 497 4189 161:
530 4135 649 4190 renudia
676 4137 727 4192 elt-
818 4143 862 4192 rt.
879 4138 977 4205 fluitur
994 4143 1033 4192 eet
1049 4137 1220 4205 =defiuituc
1236 4143 1282 4194 cet.

167 4206 287 4272 dumus,
306 4220 350 4259 wo
369 4204 416 4260 die
434 4204 554 4260 Hdschr.
578 4205 727 4261 falrchlich
817 4213 860 4263 28.
867 4209 1083 4278 praedictaeque.
1098 4207 1170 4263 Eine
1178 4207 1343 4263 Sonnenfin-

166 4276 300 4347 eligamus
316 4274 403 4332 lesen.
782 4278 883 4334 sternis
909 4279 962 4333 soll
986 4296 1050 4333 zum
1074 4281 1168 4335 ersten
1191 4279 1264 4334 Male
1287 4296 1344 4336 von

203 4353 228 4402 9.
245 4346 361 4402 αιτίε-
375 4347 673 4404 abditurscheintwie
691 4349 728 4404 de
781 4349 885 4404 Thales
906 4353 1111 4421 vorausgesagt
1134 4351 1249 4406 worden
1272 4351 1342 4408 sein

167 4415 725 4492 offiH,18:fcrrum,uce,cumm,urqeu-
780 4420 883 4476 Herod.
906 4421 928 4490 l,
949 4428 991 4477 74.

1074 4511 1128 4564 12*
