3059 4917
201 237 266 302 234
584 230 634 284 DE
652 227 808 284 NATURA
825 229 989 286 DEORUM

137 395 183 463 35
202 395 351 462 homines
375 394 523 460 adiunxit
545 394 707 459 iniuriam.
735 393 834 458 Hunc
847 394 951 481 igitur
963 417 1023 460 neo
1039 393 1211 480 Olympius
1226 394 1377 480 luppiter

201 484 338 550 fulmine
361 483 523 567 percussit
545 505 605 548 nee
629 483 844 567 Aesculapius
869 484 988 550 misero
1011 484 1231 570 diuturnoque
1258 485 1375 550 morbo

201 574 424 640 tabescentem
458 571 639 657 interemit,
680 576 779 657 atque
815 571 852 637 in
887 595 946 637 suo
987 573 1108 638 lectulo
1149 577 1299 638 mortuus
1340 574 1377 638 in

204 662 414 748 [tyrannidis]
439 681 557 748 rogum
575 661 697 726 inlatus
721 665 774 726 est
796 683 932 746 eamque
954 665 1163 746 potestatem,
1187 684 1286 746 quam
1303 661 1375 746 ipse

200 774 259 836 per
282 751 386 816 scelus
411 754 481 816 erat
498 754 652 834 nanctus,
676 750 770 835 quasi
788 749 910 815 iustam
929 754 963 814 et
980 751 1164 837 legitimam
1182 750 1374 817 hereditatis
1394 769 1409 811 o

145 849 182 900 85
201 841 273 906 loeo
297 839 365 904 filio
389 839 532 905 tradidit.
578 839 688 905 Invita
709 840 745 903 in
762 838 827 904 hoo
844 839 917 904 loeo
935 844 1085 904 versatur
1103 839 1223 925 orati03
1246 840 1375 905 videtur

202 929 290 994 enim
303 928 543 994 'auctoritatem
566 929 691 994 adferre
723 928 893 1014 peccandi3
922 931 1011 993 reete
1040 928 1218 1012 videretur,
1247 928 1312 993 nisi
1342 932 1376 993 et

196 1017 333 1084 virtutis
357 1021 391 1082 et
413 1016 569 1083 vitiorum
592 1018 662 1082 sine
684 1018 753 1084 ulla
776 1017 886 1082 divina
907 1017 1034 1082 ratione
1058 1039 1157 1102 grave
1175 1017 1279 1101 ipsius
1299 1039 1373 1082 con-

201 1105 1375 1192 mmmmfflmmmfflmmmmmffimm

200 1218 260 1262 nee
283 1195 398 1260 domus
420 1217 481 1260 nec
503 1218 555 1260 res
578 1196 710 1280 publica
732 1195 860 1261 ratione
883 1195 1024 1280 quadam
1047 1199 1081 1260 et
1109 1195 1282 1280 disciplina
1309 1195 1422 1260 dis-1⁰

201 1285 333 1370 signata
355 1283 517 1369 videatur,
541 1285 570 1350 si
592 1285 628 1348 in
660 1307 698 1348 ea
728 1307 789 1350 nec
820 1288 908 1350 recte
940 1283 1038 1349 factis
1068 1285 1214 1369 praemia
1246 1288 1375 1349 exstent

200 1374 269 1438 ulla
299 1395 359 1438 nee
396 1373 555 1456 supplicia
590 1373 747 1459 peccatis,
778 1373 825 1439 sic
853 1373 965 1438 mundi
988 1373 1099 1439 divina
1131 1374 1180 1454 [in
1209 1373 1373 1454 homines]

200 1461 381 1527 moderatio
398 1461 547 1546 profecto
569 1463 660 1528 nulla
687 1466 747 1548 est,
779 1463 808 1527 si
839 1463 875 1526 in
901 1485 940 1528 ea
966 1463 1141 1528 discrimen
1171 1462 1297 1527 nullum
1324 1466 1376 1527 est

200 1552 360 1616 bonorum
383 1555 416 1616 et
439 1551 607 1616 malorum.

145 1656 181 1706 86
289 1638 336 1704 At
360 1639 455 1704 enim·
469 1639 597 1704 minora
620 1640 651 1704 di
675 1640 857 1726 neglegrmt
878 1663 984 1725 neque
1013 1641 1137 1728 agellos
1169 1640 1375 1727 singulorum
1394 1658 1421 1699 15

200 1751 260 1796 nee
283 1727 434 1793 viticulas
458 1733 699 1815 persequuntur
720 1751 795 1814 nec,
818 1729 847 1794 si
865 1730 965 1794 uredo
985 1734 1042 1795 aut
1061 1729 1185 1817 grando
1205 1729 1373 1814 quippiam

200 1816 1438 1905 mQfflMmmmmmffimmemfflm'

201 1927 295 1992 reges
320 1905 430 1970 omnia
452 1906 589 1972 minima
606 1912 734 1994 curant,
759 1908 807 1972 sie
826 1908 913 1972 enim
932 1907 1051 1973 dicitis.
1075 1906 1176 1984 Quasi
1195 1928 1257 1994 ego
1276 1908 1374 1992 paulo

201 1999 277 2062 ante
297 1994 335 2060 de
353 1994 455 2060 fundo
474 1994 650 2062 Formiano
670 1996 707 2064 P.
726 1996 844 2062 Rutilii
863 1997 924 2062 sim
945 2002 1093 2082 questus,
1110 2018 1177 2061 non
1196 1997 1236 2060 de
1254 1996 1375 2061 amissa

136 2091 182 2156 36
202 2086 315 2151 salute.
361 2084 472 2170 Atque
495 2085 557 2150 hoc
581 2087 712 2171 quidem
735 2109 847 2151 omncs
871 2087 1026 2150 mortales
1050 2086 1098 2150 sic
1115 2085 1247 2168 habent,
1271 2088 1379 2150 exter.
1393 2106 1421 2146 ao

200 2198 259 2240 nas
284 2174 547 2259 commoditates,
570 2176 694 2261 vineta,
718 2179 859 2261 segetes,
884 2174 1018 2260 oliveta,
1036 2175 1222 2239 ubertatem
1239 2173 1374 2259 frugum

237 2357 260 2403 3.
281 2356 370 2418 atquc,
389 2365 409 2402 s.
426 2349 492 2416 th
507 2367 528 2403 a.
543 2351 637 2417 sitque.
812 2351 914 2403 wortet
958 2349 1097 2417 gelassen.
1148 2349 1213 2418 Vgl.
1251 2348 1372 2403 Senecas

237 2427 262 2474 4.
275 2420 474 2491 [tyrannidisfl
485 2420 606 2474 welches
617 2419 679 2473 eine
689 2422 757 2489 gute
813 2418 920 2473 Schrift
945 2421 978 2474 de
997 2421 1184 2489 procidentia,
1211 2421 1266 2475 eive
1289 2435 1375 2489 gaure

200 2491 320 2546 Hdschr.
333 2489 432 2556 bietet,
451 2489 514 2544 hale
527 2489 624 2544 Baiter
637 2491 682 2544 fur
696 2489 758 2545 eine
812 2491 908 2559 almae
925 2492 1096 2546 inconmoda
1115 2493 1193 2546 donis
1216 2492 1285 2546 ciris
1302 2491 1374 2545 acee-

201 2563 300 2617 Glosse
323 2579 357 2614 zu
383 2561 448 2614 dem
466 2560 620 2630 folgenden
638 2568 756 2632 potesta·
812 2563 890 2628 dent,
909 2578 971 2617 eum
985 2563 1162 2630 prowm
1183 2563 1229 2619 sit.
1248 2560 1306 2615 Das
1315 2560 1372 2615 Un-

201 2642 267 2700 lem,
300 2631 345 2686 die
373 2631 494 2702 librigen
520 2632 641 2688 Hdschr.
664 2632 758 2687 haben
812 2632 914 2702 gluck,
938 2633 990 2688 das
1022 2632 1078 2686 den
1103 2632 1196 2688 (luten
1225 2632 1308 2699 trifft,
1336 2631 1375 2686 ist

202 2707 252 2760 das
271 2703 518 2758 unverst'andliehe
537 2706 687 2775 typouidie.
814 2705 888 2758 nach
909 2704 987 2758 ihrer
1004 2703 1124 2759 Ausicht
1148 2722 1201 2758 nur
1225 2703 1374 2759 scheinbar

109 2806 112 2808 ·
237 2783 261 2830 8.
281 2777 565 2832 virtutisdeitioeam
581 2777 760 2832 eonscientiae
815 2776 1001 2845 (1111011.
1020 2792 1169 2846 prosperae
1195 2793 1286 2832 001011
1311 2776 1374 2900 resp,

196 2849 315 2919 pendae.
356 2846 465 2918 Wegen
498 2849 548 2902 der
575 2847 761 2918 Verbindung
814 2847 948 2902 wahrend
980 2848 1031 2901 das
1063 2847 1168 2915 Gliiok,
1201 2847 1251 2900 das
1284 2847 1353 2900 duro

201 2919 343 2974 mehrerer
386 2917 536 2986 Genetive,
580 2936 636 2973 von
669 2920 760 2974 denen
814 2918 983 2974 moralische
1007 2917 1234 2986 Schleohtigkeit
1262 2932 1374 2987 gewon-

201 2992 252 3044 der
262 2989 324 3044 eine
334 3008 389 3044 von
404 2991 468 3044 dem
478 2991 602 3044 anderen
616 2991 761 3060 abhangig
814 3006 870 3042 nen
896 2987 978 3055 wird,
1003 2988 1071 3042 kein
1094 2987 1256 3042 wirlrliches
1281 2987 1375 3042 Glficlr

200 3060 251 3127 ist,
277 3061 335 3130 vgl.
357 3061 393 3115 ad
414 3062 471 3116 Ate.
495 3063 543 3129 IV,
560 3069 583 3127 1,
600 3077 626 3116 a:
650 3064 760 3130 fractos
813 3077 847 3112 zu
865 3076 976 3114 neuneu
994 3058 1040 3113 ist.

200 3139 265 3188 tuae
289 3134 435 3187 mellotis
455 3134 600 3203 praeteriti
624 3135 758 3204 deceperis.
852 3137 895 3186 18.
913 3131 1007 3186 omnia
1024 3131 1150 3197 minima,
1170 3147 1191 3184 s.
1205 3148 1227 3184 z.
1242 3129 1318 3197 Ldl.

201 3204 238 3257 ad
252 3201 319 3257 fam.
333 3202 366 3269 X,
375 3209 417 3269 35,
427 3220 450 3257 1:
466 3210 559 3259 tactae
572 3204 761 3259 multitudinis
849 3203 890 3257 sic
903 3205 975 3256 enim
989 3201 1096 3267 diates:
1115 3201 1148 3268 Il,
1165 3206 1223 3257 167.
1242 3201 1299 3254 Der
1312 3199 1376 3254 hier

200 3276 302 3330 modam
320 3275 419 3329 solatis
437 3291 549 3329 cansam
567 3276 710 3343 resapere.
815 3272 983 3342 angeffihrte
1009 3271 1161 3342 Vergleioh
1193 3272 1283 3326 findet
1313 3270 1375 3326 sich

236 3347 295 3400 edne
321 3346 380 3400 alla
407 3345 504 3400 diemo
535 3346 642 3400 ratione
674 3341 760 3399 ‘ohne
816 3344 882 3399 dort
898 3344 985 3397 nicht.

200 3416 257 3470 alle
276 3414 413 3483 gdttliche
433 3416 612 3483 Anordnung,
632 3415 760 3469 Einrieh-
853 3415 955 3485 Quasi,
975 3431 996 3468 s.
1011 3432 1034 3469 a.
1050 3414 1124 3480 I,26.

200 3481 288 3554 tuug’‚
325 3485 435 3539 Darauf
448 3487 564 3540 wurden
583 3486 628 3540 die
649 3485 761 3542 Stoiker
846 3487 934 3555 paulo
952 3491 1030 3539 ante:
1049 3489 1124 3549 580.

202 3555 353 3622 erwidern,
382 3556 438 3609 dall
466 3556 517 3610 wir
544 3557 648 3626 gerade
676 3575 761 3614 unser
853 3563 894 3611 19.
913 3557 945 3611 de
968 3557 1057 3623 fando
1075 3557 1233 3611 Formiano.
1269 3555 1301 3608 In
1324 3555 1376 3609 der

199 3626 345 3684 Gewiseen
364 3627 415 3682 der
437 3629 533 3683 dicim
551 3630 624 3684 ectio
647 3646 680 3682 zu
699 3647 759 3684 ver·
814 3627 932 3696 Gegend
955 3643 1011 3681 von
1029 3626 1171 3694 Formiae,
1195 3626 1273 3681 einer
1292 3625 1391 3689 Stadt

201 3699 313 3754 danken
332 3698 433 3755 haben.
816 3716 852 3752 an
871 3699 936 3752 dem
949 3697 1115 3752 Mcerbusen
1129 3715 1186 3752 von
1201 3697 1309 3765 Oajeta,
1325 3697 1376 3751 be·

238 3777 279 3824 10.
305 3772 474 3842 dissipante,
501 3787 522 3826 s.
550 3771 576 3839 I,
601 3777 636 3826 20
662 3790 685 3826 a.
704 3773 760 3828 dia
815 3770 920 3824 fenden
951 3767 1014 3823 sich
1041 3768 1199 3824 zahlreiohe
1226 3766 1374 3822 Landsitze

198 3843 386 3913 signationem,
815 3841 1158 3896 romischerVornehmer.
1185 3840 1266 3893 Auch
1276 3837 1374 3894 Cicero

239 3921 280 3967 1‘2.
291 3915 338 3984 [ie
350 3914 494 3986 hominess,
510 3914 668 3968 derZusata
683 3913 760 3969 eines
815 3913 895 3968 hatte
918 3912 1103 3967 bekanntlieh
1122 3912 1187 3965 dort
1205 3910 1269 3965 eine
1287 3909 1373 3965 Villa.

200 3984 539 4053 Interpolators,welcher
548 3987 646 4040 mandi
656 3985 759 4040 1011011-
850 3985 883 4039 dc
914 3986 1017 4040 amasa
1049 3987 1145 4050 salua,
1178 3982 1253 4036 denn
1285 3981 1375 4034 durch

201 4056 260 4110 lich
278 4056 324 4108 fiir
343 4054 398 4109 den
416 4055 514 4110 Genet.
535 4055 653 4110 subiect.
679 4055 759 4114 hielt.
815 4055 866 4109 das
876 4054 938 4108 Eril
952 4054 1048 4108 wurde
1063 4070 1093 4108 er
1107 4054 1196 4123 eapite
1209 4054 1374 4108 deminutus.

239 4126 438 4180 radicariam
451 4127 759 4182 nulline-malcrum.
814 4126 878 4196 Vgl.
902 4144 930 4195 p.
951 4125 1023 4180 Soet.
1050 4131 1113 4180 10⁷:
1147 4124 1196 4180 Oa.
1229 4124 1376 4192 Pompeius

201 4195 254 4250 Die
273 4196 371 4264 Frage,
388 4195 441 4251 wie
461 4213 490 4251 es
508 4199 581 4251 trote
610 4198 659 4252 der
684 4200 759 4267 gott-
813 4203 911 4252 000001
927 4213 1001 4252 meac
1018 4197 1118 4251 solutis
1135 4195 1190 4250 mit
1206 4214 1234 4265 p.
1248 4194 1308 4248 Mil.
1323 4199 1374 4248 39:

202 4265 514 4336 lichenFr‘irsorgedem
523 4267 758 4337 Gutenschlecht,
814 4268 863 4324 On.
889 4269 1035 4338 Pompeias
1057 4273 1155 4323 000001
1184 4273 1210 4322 et
1240 4267 1299 4320 duc
1321 4265 1376 4320 mei

201 4335 267 4387 dem
277 4334 444 4390 Sohleehten
454 4341 506 4406 gut
520 4340 641 4406 ergehen
655 4339 757 4409 kdnne,
812 4340 924 4394 reditus.
1322 4345 1325 4349 ’

201 4403 295 4456 haben
313 4404 360 4459 die
379 4406 492 4462 Stoilrer
517 4409 597 4462 nicht
621 4410 758 4464 unbeant-
849 4415 892 4464 20.
910 4411 951 4465 eie
962 4411 1062 4464 tabem
1075 4403 1152 4461 ‘sind
1167 4407 1217 4460 der
1230 4401 1371 4462 Amicht'.
