3059 4917
209 249 271 312 172
591 242 641 296 DE
660 241 811 296 NATURA
830 242 993 298 DEORUM.

207 407 276 472 eius
306 406 377 472 viae
406 406 586 491 pertinent,
617 428 676 490 per
706 429 786 491 quas
814 406 926 490 lapsus
954 406 1045 470 cibus
1068 406 1104 470 in
1125 405 1189 471 hoe
1212 406 1285 489 ipso
1308 407 1386 470 loco

206 497 242 560 in
265 517 337 560 eam
358 519 488 579 venam,
512 517 594 579 quae
618 517 697 559 cava
719 495 916 578 appellatur,
939 494 1148 559 confundItur
1170 517 1291 579 perque
1311 517 1383 560 eam

207 584 248 649 ad
272 607 327 649 cor
351 583 517 649 confectus
541 584 608 648 iam
631 587 807 668 coctusque
830 583 1025 667 perlabitur,
1053 606 1072 647 a
1096 584 1191 648 corde
1214 587 1324 648 autem
1347 584 1384 647 in

207 678 315 738 totum
339 695 457 756 corpus
481 671 690 736 distribuitur
712 695 771 756 per
793 694 892 738 venas
917 673 1090 736 admodum
1113 674 1234 736 multas
1258 673 1293 736 in
1316 695 1383 737 om-

146 777 198 829 138
208 783 266 826 nes
302 766 413 846 partes
450 761 595 845 corporis
632 761 843 844 pertinentes.
895 759 1000 836 Quem
1036 761 1076 824 ad
1108 761 1241 825 modum
1272 765 1419 826 autema

210 851 367 935 reliquiae
404 851 469 915 cibi
505 849 709 934 depellantur
745 855 817 914 tum
849 849 1107 935 astringentibus
1140 872 1174 914 se
1206 849 1383 935 intestinis,

211 945 282 1004 tum
313 939 548 1024 relaxantibus,
580 938 666 1003 haud
699 961 777 1003 sane
807 938 940 1003 difficile
963 939 1052 1003 dictu
1089 942 1152 1022 est,
1185 939 1241 1002 sed
1261 944 1385 1003 ,tamen

211 1029 481 1113 praetereundum
505 1032 568 1112 est,
590 1050 631 1092 ne
655 1028 732 1111 quid
754 1027 875 1092 habeat
896 1027 1144 1092 iniucunditatis
1166 1027 1281 1093 oratio.
1322 1028 1384 1092 llla

212 1117 322 1202 potius
341 1117 520 1202 explicetur
536 1116 736 1181 incredibilis
754 1116 881 1181 fabrica
893 1121 1042 1181 naturae:
1065 1139 1141 1180 nam
1161 1139 1243 1201 quae
1262 1116 1383 1200 spiritu

211 1208 247 1270 in
281 1207 451 1290 pulmones
488 1205 597 1269 anima
630 1205 773 1290 ducitur,
810 1228 848 1270 ea
880 1205 1012 1271 calescit
1052 1205 1194 1289 primum
1226 1205 1299 1289 ipso
1341 1206 1383 1270 ab
1404 1226 1434 1265 ro

210 1295 343 1380 spiritu,
366 1294 480 1359 deinde
504 1293 699 1375 contagione
722 1295 928 1378 pulmonum,
952 1316 991 1358 ex
1014 1316 1115 1378 eaque
1137 1316 1214 1378 pars
1237 1293 1384 1359 redditur

209 1383 412 1467 respirando,
439 1404 516 1466 pars
544 1382 727 1465 concipitur
755 1383 861 1448 cordis
889 1387 983 1467 parte
1011 1383 1163 1467 quadam,
1192 1405 1288 1468 quem
1310 1405 1385 1449 ven·

209 1473 365 1537 triculum
401 1471 507 1535 cordis
544 1471 725 1555 appellant,
762 1472 815 1536 cui
851 1471 968 1536 similis
1006 1472 1089 1536 alter
1120 1471 1292 1537 adiunctus
1325 1476 1384 1556 est,

209 1561 244 1625 in
276 1582 372 1645 quem
405 1559 538 1645 sanguis
571 1582 591 1622 a
622 1559 728 1624 iecore
760 1582 819 1644 per
850 1582 967 1626 venam
998 1560 1089 1624 illam
1117 1583 1228 1625 caram
1261 1560 1383 1645 influit3

210 1670 312 1733 eoque
344 1648 440 1712 modo
478 1669 516 1711 ex
548 1647 601 1712 his
629 1648 778 1732 partibus
807 1653 841 1714 et
868 1649 1002 1734 sanguis
1026 1671 1083 1733 per
1106 1671 1204 1714 venas
1228 1649 1264 1713 in
1287 1671 1382 1714 omne
1405 1670 1434 1712 rs

211 1759 327 1820 corpus
360 1736 551 1801 diffimditur
583 1741 617 1800 et
649 1736 784 1821 spiritus
811 1760 870 1821 per
893 1737 1039 1812 arterias.
1085 1737 1251 1822 Utraeque
1274 1743 1385 1802 autem

210 1825 341 1889 crebrae
372 1825 559 1910 multaeque
592 1830 664 1889 toto
697 1847 832 1909 corpore
863 1826 1009 1890 intextae
1040 1827 1107 1890 vim
1140 1826 1303 1910 quandam
1333 1827 1384 1889 in-

150 1929 200 1981 139
210 1913 396 1978 credibilem
424 1913 595 1978 artificiosi
622 1914 729 1998 operis
757 1914 923 2000 divinique
951 1919 1123 1980 testantur.
1171 1913 1255 1990 Quid
1278 1915 1384 1979 dicam

211 2004 249 2067 de
286 2002 437 2067 ossibus?
479 2025 561 2088 quae
601 2003 747 2067 subiecta
784 2003 913 2088 corpori
949 2004 1115 2068 mirabiles
1153 2003 1384 2068 commissuras

209 2091 332 2155 habent
369 2097 402 2155 et
434 2092 474 2156 ad
507 2091 723 2156 stabilitatem
755 2097 849 2176 aptas
883 2097 916 2156 et
947 2093 988 2156 ad
1021 2097 1112 2156 artus
1144 2091 1303 2156 finiendos
1334 2114 1385 2156 ac·
1404 2115 1435 2155 so

211 2180 431 2244 commodabas
465 2183 498 2244 et
529 2181 571 2244 ad
602 2185 729 2244 motum
761 2185 795 2245 et
827 2182 867 2245 ad
891 2203 1021 2246 omnem
1045 2181 1190 2265 corporis
1213 2180 1385 2246 actionem.
1522 2187 1526 2196 '

210 2267 283 2333 Huc
311 2269 391 2333 adde
418 2290 549 2353 nervos,
577 2269 738 2353 aquibus
762 2273 853 2334 artus
878 2270 1100 2355 continentur,
1128 2292 1304 2354 eorumque
1327 2270 1387 2334 irn-

249 2572 272 2621 1.
291 2568 351 2622 elus
370 2583 407 2621 sc.
422 2568 576 2637 conquinae.
824 2568 903 2623 linke
927 2568 1056 2638 dagegen
1078 2566 1253 2637 πνευματική
1276 2567 1386 2634 (Galen.

247 2671 337 2710 ornnes
358 2657 418 2709 viae
441 2657 593 2724 penaeas,
620 2656 701 2710 nicht
724 2656 770 2712 die
824 2640 1051 2709 ¹¹³·Pafl·Vb'l)·
1072 2639 1385 2705 S·5136ffi030mesk·

210 2726 313 2794 Leber,
356 2725 409 2780 wIe
447 2726 493 2780 dle
527 2727 611 2781 Alten
648 2727 770 2798 meinen,
826 2729 848 2765 ⁷¹·
864 2727 916 2766 ⁰⁰?-
955 2734 967 2753 ⁰

211 2798 332 2852 sondern
351 2797 401 2851 das
421 2797 492 2850 Herz
515 2797 553 2853 ist
576 2799 626 2852 das
646 2799 770 2852 Zentral·
863 2789 904 2836 ¹⁶·
935 2782 1051 2850 mrim
1077 2797 1130 2850 PC?
1156 2782 1280 2862 ‘Imm-
1331 2780 1388 2835 Die

211 2885 299 2937 organ
317 2870 363 2923 far
381 2870 432 2922 das
453 2868 621 2924 venanbluq
826 2853 910 2906 Alten
928 2851 1072 2922 glaubten,
1093 2849 1150 2905 dall
1169 2869 1199 2904 ιιι
1218 2852 1272 2905 den
1285 2852 1387 2906 Venen

295 2958 344 3013 n
453 2958 518 3012 ιω·
555 2959 587 3010 111
690 2958 771 3012 ιιι
825 2921 1389 3048 resistundum

211 3029 475 3153 ἓέἑαρᾝζαίωὲἶέ
486 3029 701 3168 ffifflelvgff}
723 3029 773 3154 ἐξ
825 3039 892 3118 man
911 3064 957 3119 die
976 3065 1110 3118 letzteren
1128 3065 1200 3146 nach
1226 3065 1290 3118 dem
1301 3038 1388 3145 'Tude

211 3170 329 3222 antem„
347 3139 553 3238 Kgrpeffifflft,
826 3135 885 3189 leer
905 3136 985 3204 fand,
1006 3136 1139 3188 wahrond
1159 3136 1204 3189 dre
1215 3136 1313 3190 Venen
1332 3140 1389 3190 mrb

827 3207 894 3261 Blnt
912 3206 1015 3276 gefdllt
1032 3223 1134 3261 waren.
1160 3207 1263 3261 Dicsen
1282 3208 1386 3260 Irrtum

248 3264 273 3310 3·
308 3259 445 3325 cmisem
485 3263 626 3327 GOGWW
662 3261 771 3344 (alm)-
825 3278 876 3331 hat
894 3279 986 3331 zuerst
998 3277 1088 3330 Galen
1103 3278 1192 3330 durch
1206 3276 1386 3331 VivisektIon

212 3326 293 3380 Nach
317 3327 381 3380 dem
408 3328 660 3397 vorhergeheuden
688 3347 716 3385 ce
739 3348 772 3385 m
825 3349 981 3416 wideflegt,

211 3400 373 3468 sanquinem
391 3406 500 3453 venunt
519 3400 597 3454 hatte
622 3417 688 3454 man
711 3401 770 3454 eiu·
863 3425 902 3473 19,
922 3419 1043 3473 subiecta
1086 3417 1139 3472 wie
1167 3417 1283 3473 Stfitzen
1315 3419 1387 3472 oder

211 3469 278 3522 lach
295 3472 410 3539 saupuis
428 3472 566 3526 erwartet.
826 3489 1027 3559 Tragepfeiler.
1048 3460 1058 3486 ’

248 3563 273 3612 4.
288 3574 340 3627 per
357 3574 456 3626 cenas,
481 3559 666 3614 bekanntlich
692 3558 773 3614 nieht
861 3563 1068 3629 conimbsuras,
1105 3559 1232 3630 gemeint
1264 3559 1303 3615 ist
1335 3561 1387 3615 der

212 3628 302 3683 durch
334 3629 380 3684 die
405 3630 509 3699 Venen,
537 3633 656 3686 sondern
682 3631 771 3684 durch
824 3631 993 3702 knorpelige
1011 3620 1143 3701 chrzug
1164 3633 1235 3686 fiber
1257 3633 1312 3686 den
1330 3631 1385 3685 Ge-

212 3700 258 3755 die
274 3699 410 3769 Artemon,
430 3703 515 3755 deren
530 3702 707 3757 I'unktionen
725 3702 771 3754 dle
825 3703 936 3758 lenken.
965 3702 1035 3758 Cels.
1051 3703 1126 3769 VIII,
1139 3711 1166 3756 ιε
1185 3705 1311 3774 Ipnorari
1328 3721 1388 3757 nore

211 3773 298 3826 Alten
316 3773 395 3827 nicht
413 3773 550 3828 hannten.
825 3781 927 3842 oportet
937 3776 1062 3844 plurima
1079 3791 1140 3831 ossa
1153 3775 1386 3845 incartdapiuem
1474 3803 1483 3815 ·

248 3851 272 3899 9.
291 3846 400 3912 fabrica
415 3839 652 3898 ‘Machanismus’.
749 3901 750 3906 χ
825 3846 954 3912 daiam,
972 3845 1080 3900 necllum
1094 3847 1244 3902 arcturum
1266 3863 1323 3901 aon
1344 3849 1387 3901 sie

249 3933 326 3982 uum,
346 3933 365 3970 s.
383 3917 402 3981 l,
413 3922 447 3970 25
461 3934 482 3970 z.
500 3917 599 3970 Thales
617 3916 696 3970 enlm.
825 3917 912 3983 atain.
930 3918 1026 3985 Neque
1035 3917 1107 3970 euim
1116 3923 1167 3972 aut
1175 3919 1276 3972 moveri
1285 3924 1388 3986 posset,

221 4045 228 4056 ,
250 3992 290 4041 10.
310 3988 369 4055 ipso
394 3990 429 4041 ab
448 3989 566 4055 spirita
591 4003 689 4056 wegen
714 3988 772 4056 ipse
825 3988 883 4041 aiei
900 3988 953 4042 levi
965 3989 1146 4056 ianitorum,
1164 3995 1290 4043 autrum
1303 4004 1389 4042 carne

213 4058 310 4123 atto
325 4076 346 4111 z.
366 4059 428 4126 ipso
446 4073 530 4125 meac,
549 4075 646 4126 wagan
661 4060 696 4113 ab
711 4063 771 4123 §92
825 4059 968 4127 meaque
986 4060 1127 4129 couirmpi,
1152 4061 1210 4114 nisi
1237 4076 1270 4114 aa
1295 4060 1387 4113 medio

212 4147 234 4182 a.
249 4130 416 4198 constuprare
434 4145 459 4183 a.
825 4130 959 4198 quaedam
998 4133 1115 4184 malma
1156 4131 1385 4185 committeret.

251 4205 291 4251 ιι.
307 4201 397 4253 cordis
406 4205 487 4267 parte
496 4202 615 4268 quodam
626 4231 658 4240 -
669 4199 770 4268 iafluc't.
826 4200 913 4270 Roby.
926 4200 991 4269 Vgl„
1006 4206 1021 4264 ὅ
1038 4207 1104 4255 16οε
1124 4201 1285 4271 Diydorum
1294 4201 1389 4256 molles

212 4267 276 4321 Von
313 4269 368 4321 den
410 4269 513 4323 beiden
554 4269 772 4323 Harzkammern
826 4274 1024 4327 commissuras.

212 4335 318 4390 hiessen
332 4339 604 4408 dementsprechend
618 4341 664 4394 die
674 4342 771 4394 rechte
861 4349 904 4397 22.
932 4358 1040 4410 nervos,
1065 4341 1128 4396 hier
1146 4343 1254 4397 sowohl
1273 4342 1386 4397 Sehncn

213 4403 347 4474 αἱματική
375 4409 434 4475 (τῆς
457 4412 576 4477 καρδίας
594 4413 705 4480 κοιλία),
725 4411 772 4465 die
826 4413 867 4466 ala
886 4412 1010 4481 Nerven,
1030 4431 1051 4468 s.
1066 4420 1081 4479 ὅ
1097 4420 1156 4468 136.
1520 4436 1525 4467 ι
