3059 4917
465 251 533 307 nin.
548 251 583 306 11.
598 249 674 307 ore.
689 256 804 306 27-29.
823 255 968 316 §ee-n.
1241 253 1304 319 137

127 419 231 484 maria
254 415 443 501 Neptunus,
471 414 528 480 alii
554 436 613 498 per
640 413 718 498 alia,
744 417 903 498 poterunt
929 412 1081 500 intellegi
1101 413 1158 499 qui
1181 415 1307 500 quales·

128 530 191 593 que
215 507 296 591 sint,
320 521 450 590 quoque
473 525 528 569 eos
550 502 691 568 nomine
708 502 909 568 consuetudo
931 503 1177 587 nuncupaverit.
1215 501 1304 578 Quos

128 597 205 661 deos
237 600 270 660 et
299 593 447 659 venerari
477 597 511 657 et
541 591 646 657 colere
676 591 840 656 debemus.
887 588 1003 657 Cultus
1033 597 1144 657 autem
1171 590 1305 656 deorum
1360 637 1364 642 -

129 689 180 750 est
194 684 338 769 optimus
352 683 504 767 idemque
518 681 722 746 castissimus
737 685 836 766 atque
848 680 1074 746 sanctissimus
1083 680 1306 765 plenissimus-

96 772 492 928 ⁶lltllitlhlttss⁵
512 770 1305 943 sltlnltshttntfdfflthtltt

127 951 268 1017 maiores
290 949 399 1016 nostri
422 948 689 1033 superstitionem
712 971 731 1012 a
753 947 912 1033 religione
936 909 1177 1032 separriverunt.
1217 946 1305 1012 Nam
1326 955 1361 1006 72

129 1041 186 1126 qui
213 1043 303 1105 totos
331 1039 400 1103 dies
427 1037 646 1122 precabantur
675 1040 709 1100 et
730 1036 960 1122 immolabant,
986 1040 1025 1101 ut
1048 1036 1112 1101 sibi
1135 1036 1187 1101 sui
1208 1035 1306 1100 liberi

129 1129 323 1214 superstites
347 1131 470 1212 essent,
493 1125 769 1210 superstitiosi
792 1129 869 1190 sunt
892 1125 1062 1210 appellati,
1085 1125 1306 1210 quodnomen

85 1217 239 1304 repatuit
256 1221 373 1302 postea
391 1216 504 1301 latius,
528 1215 585 1302 qui
603 1218 714 1279 autem
733 1214 856 1299 omnia,
881 1237 963 1300 quae
977 1215 1018 1279 ad
1033 1215 1157 1279 cultum
1171 1215 1306 1279 deorum

128 1307 345 1392 pertinerent,
381 1305 556 1390 diligenter
591 1307 810 1369 retractarent
846 1308 879 1369 et
914 1307 1083 1388 tamquam
1114 1304 1306 1388 relegerent,

130 1400 209 1462 sunt
236 1395 316 1460 dicti
344 1393 529 1479 religiosi
558 1415 597 1458 ex
619 1393 808 1479 relegendo,
834 1397 872 1463 ut
895 1392 1061 1479 elegantes
1085 1398 1124 1456 ex
1147 1392 1307 1477 eligendo,

129 1507 169 1550 ex
205 1483 370 1570 diligendo
403 1483 592 1569 diligentes,
629 1503 668 1546 ex
699 1481 919 1567 intellegendo
951 1482 1189 1567 intellegentes.
1243 1479 1306 1545 His

29 1639 31 1645 s
129 1573 217 1638 enim
248 1573 285 1637 in
315 1571 424 1638 verbis
457 1570 609 1637 omnibus
641 1570 729 1635 inest
759 1570 809 1635 vis
841 1570 970 1656 legendi
1003 1571 1128 1655 eadem,
1160 1592 1242 1655 quae
1271 1569 1308 1633 in

85 1681 110 1724 1⁶
128 1661 292 1748 religioso.
330 1663 382 1726 lta
403 1660 530 1725 factum
553 1664 604 1725 est
626 1660 662 1724 in
684 1658 914 1743 superstitioso
938 1663 972 1724 et
993 1659 1148 1745 religioso
1167 1659 1307 1724 alterum

128 1751 203 1816 vitii
234 1773 366 1835 nomen,
399 1751 539 1814 alterum
571 1749 686 1815 nudis,
731 1748 782 1812 Ac
810 1748 893 1813 mihi
922 1748 1034 1814 videor
1064 1747 1145 1813 satis
1176 1752 1209 1812 et
1237 1769 1307 1812 esse

130 1839 222 1925 deos,
246 1845 279 1904 et
302 1839 414 1925 quales
438 1842 561 1922 essent,
585 1837 777 1903 ostendisse.
1325 1871 1372 1935 29

219 1928 409 1992 Proximum
439 1931 502 2012 est,
531 1931 570 1992 ut
599 1927 732 1992 doceam
763 1926 898 1991 deorum
920 1925 1127 2010 providentia
1149 1926 1307 1990 mundum
1327 1962 1363 2012 73

131 2016 361 2082 administrari.
416 2015 556 2102 Magnus
593 2038 671 2080 sane
707 2016 799 2080 locus
832 2019 883 2080 est
914 2019 948 2078 et
979 2037 999 2078 a
1030 2014 1162 2100 vestris,
1199 2012 1308 2100 Cotta,

86 2126 114 2169 ao
133 2109 282 2190 vexatus,
319 2127 357 2170 ac
392 2105 548 2169 nimirum
579 2104 750 2170 vobiscum
783 2125 877 2169 omne
910 2107 1075 2168 certamen
1107 2107 1166 2168 est.
1220 2103 1308 2168 Nam

130 2194 239 2279 vobis,
268 2193 385 2278 Vellei,
417 2193 525 2258 minus
556 2197 673 2259 notum
706 2197 770 2278 est,
802 2214 899 2278 quem
931 2192 972 2256 ad
1003 2191 1136 2256 modum
1166 2191 1308 2277 quidque

132 2283 272 2368 dicatur3
310 2286 421 2348 vestra
457 2282 545 2347 enim
577 2283 683 2348 solum
715 2282 841 2368 legitis,
872 2285 982 2346 vestra
1012 2280 1145 2364 amatis,
1182 2285 1307 2346 ceteros

169 2445 193 2495 1.
247 2446 348 2508 taoni,
367 2440 418 2494 der
435 2439 557 2494 Pluralis
575 2438 615 2494 ist
633 2455 693 2494 ver·
747 2440 818 2494 n.A.
834 2438 1308 2508 1V‚c,1=re1i9enlemeesooportet,

133 2512 180 2566 enl
220 2514 233 2566 t
269 2511 359 2566 durch
391 2510 439 2567 die
475 2511 695 2582 vorangehende
748 2516 779 2566 ot
808 2511 991 2580 relipiorumet
1013 2514 1052 2578 (=
1078 2511 1307 2591 superstitionem)

132 2581 312 2653 Apposition.
748 2583 835 2650 nefas.
884 2580 1077 2636 Vorzuziehen
1104 2583 1142 2635 ret
1169 2581 1215 2636 dre
1242 2581 1309 2650 Ety-

168 2659 193 2709 2.
225 2670 328 2723 quoquc
358 2684 391 2694 -
423 2655 625 2724 ammoverit
656 2670 694 2708 sc.

129 2725 232 2847 ggterit
263 2724 391 2794 intelleyi.
442 2723 530 2778 Nioht
559 2742 612 2777 nur
643 2724 694 2778 das

173 2810 239 2849 esen
271 2794 321 2848 der
352 2794 538 2864 Volksgotter
574 2795 695 2849 erkennt

134 2882 206 2932 man,
230 2865 351 2919 sondern
368 2881 434 2918 man
457 2865 532 2920 sieht
555 2866 695 2920 nnnmehr

134 2936 208 2990 auch
233 2935 291 3004 ein,
324 2935 379 2990 wie
405 2935 468 2990 ihre
495 2935 605 2991 Namen
634 2939 693 2992 ent-

134 3007 255 3062 standan
273 3005 344 3060 sind.

171 3085 196 3134 9.
233 3079 416 3148 rewadient
453 3084 519 3134 eant
554 3080 693 3148 appellati.

133 3149 187 3205 Die
205 3149 366 3220 Erkltlrnng
384 3149 495 3204 Ciceros
517 3148 600 3204 weist
616 3149 694 3207 Lact.

133 3221 181 3290 IV,
215 3226 249 3275 28
282 3221 399 3276 aurdck:
436 3222 619 3292 malitiosi
650 3238 694 3278 oo«
746 3235 753 3258 ³

133 3298 232 3349 mator
257 3309 314 3348 non
341 3294 389 3363 qui
413 3294 485 3362 filios
511 3309 575 3349 soce
601 3309 695 3362 super-

133 3367 209 3420 stites
226 3370 338 3434 optusus
356 3381 447 3420 omnes
465 3366 537 3420 enim
562 3371 695 3434 optamus.

134 3434 191 3489 Das
219 3435 303 3491 Wort
326 3437 484 3506 superstitio
511 3435 623 3491 seheint
649 3453 695 3489 ur-

135 3505 301 3629 sprdnglich
315 3525 350 3561 zu
364 3508 506 3563 bedeuten
516 3508 566 3562 das
578 3507 695 3562 Stehen·

133 3576 249 3631 beihen
278 3593 330 3631 vor
359 3581 446 3633 etwas
464 3578 694 3646 Unerwartetem‚

135 3647 300 3702 verbunden
321 3648 375 3703 mit
400 3651 449 3704 der
467 3646 608 3720 Neigung‚
635 3649 695 3704 dies

136 3717 188 3770 auf
204 3717 266 3771 eine
289 3719 428 3792 gdttliohe
448 3721 632 3790 Einwirkung
650 3739 696 3774 zu-

135 3786 351 3846 rdolrzuffihren.
394 3791 518 3845 Ahnlich
550 3791 589 3846 ist
613 3809 697 3846 unser

131 3853 347 3928 ‘Aberglaube'‚
366 3859 435 3916 holl.
454 3864 608 3933 ouerpeloof,
626 3863 653 3918 d.
668 3864 697 3920 h.

135 3917 324 4000 llberglaube‚
345 3931 391 3986 bei
410 3933 475 3988 dem
496 3934 564 3988 iiber
582 3933 697 3988 Gebdhr

136 4001 359 4071 geglaubtwird.
376 4002 428 4058 Bei
437 4003 491 4056 den
498 4004 696 4060 Romernwur-

136 4074 192 4127 den
201 4073 367 4142 vorziiglich
381 4074 542 4144 diejenigon
553 4076 595 4129 als
605 4092 697 4146 neper-

135 4146 237 4200 etitioei
254 4144 432 4215 bezeichnet,
452 4146 559 4200 welche
573 4163 628 4201 von
648 4148 698 4202 der

137 4215 354 4286 Staatsreligion
372 4216 567 4285 abueiohend‚
590 4216 697 4272 fremde

137 4286 405 4343 Gotteranbeteten.
426 4289 498 4344 Fest.
507 4307 534 4358 p.
543 4295 604 4346 289.
619 4287 697 4346 Mull.

174 4362 217 4413 12.
242 4375 275 4414 ec
296 4361 450 4431 releycndo,
476 4359 538 4415 eine
566 4359 698 4416 ahnliche

137 4427 292 4500 Ahleitung
310 4429 341 4485 in
360 4430 451 4487 einem
471 4430 546 4486 Citat
564 4430 611 4486 bei
625 4430 697 4487 Gell.

748 2651 873 2722 mologie
892 2652 942 2706 des
959 2652 1037 2707 Lact.
1047 2651 1093 2720 IV,
1104 2658 1154 2709 28:
1177 2653 1227 2707 loc
1248 2654 1309 2707 oin·

749 2725 931 2794 elapidato
939 2725 1064 2779 obstricti
1071 2725 1120 2778 deo
1130 2729 1155 2778 ct
1167 2724 1310 2793 relipati

748 2808 858 2878 sanae,
875 2797 949 2850 unde
961 2796 1025 2864 epea
1043 2795 1140 2865 religio
1152 2809 1251 2849 nomen
1264 2811 1310 2850 ac·

749 2872 916 3008 &litans
929 2933 1084 3006 ‘gewahlt’.

712 3014 715 3020 ’
786 3033 827 3081 13.
842 3043 876 3081 ec
889 3019 1178 3097 ddipendo‘dilipentes
1191 3021 1310 3081 ‘achten

751 3127 783 3138 —
802 3093 946 3154 achtsam’.

786 3175 828 3224 14.
847 3171 880 3223 ia
892 3169 1019 3239 religioso
1030 3195 1058 3214 =
1072 3163 1103 3223 lv
1117 3171 1155 3243 τῷ
1170 3165 1311 3294 &sceapwic

758 3239 789 3293 in
808 3240 871 3295 dem
891 3240 989 3294 Worte
1012 3237 1178 3311 religiosae,
1202 3256 1233 3294 so
1272 3239 1311 3294 all

750 3311 810 3365 also
841 3309 895 3366 wie
924 3311 1025 3366 vorher
1049 3311 1080 3365 in
1108 3330 1142 3368 ea
1170 3313 1313 3383 releyeado

751 3381 797 3438 die
824 3381 940 3437 Flexion
968 3381 1008 3436 im
1039 3382 1236 3438 Lateinisehen
1264 3383 1313 3438 die

751 3453 839 3508 Stelle
849 3454 898 3507 des
908 3452 1105 3523 griechischen
1114 3455 1239 3509 Artikels
1249 3471 1310 3509 ver·

749 3524 822 3580 tritt.
858 3525 970 3579 Ehenso
991 3525 1032 3578 im
1049 3525 1202 3596 folgenden
1220 3525 1313 3581 Setae.

750 3595 816 3665 Vgl.
836 3596 926 3649 damit
939 3595 973 3665 II,
989 3602 1004 3651 7
1013 3618 1020 3650 2
1039 3599 1091 3652 illa
1108 3605 1222 3654 osenla.

787 3685 872 3755 Kap.
900 3685 951 3754 29,
980 3691 995 3749 ἓ
1020 3692 1152 3742 73-133.
1188 3689 1315 3740 Dritter

752 3759 933 3820 Hauptteil.
968 3759 1029 3810 Die
1046 3760 1151 3811 Lehre
1168 3773 1234 3810 von
1254 3759 1315 3810 der

752 3829 945 3892 Vorsehung
961 3831 1030 3880 und
1053 3831 1110 3881 der
1132 3829 1316 3892 gottuehen

752 3901 1020 3964 weltregierung.
1056 3904 1072 3965 ξ
1097 3904 1211 3953 73-75.
1248 3898 1311 3952 Zu-

751 3969 1015 4039 reohtweisung
1033 3969 1095 4024 der
1112 3968 1315 4040 Epikureen

751 4039 979 4112 Disposition.

788 4136 831 4184 21.
862 4147 940 4200 quem
975 4132 1014 4185 ad
1047 4131 1157 4185 modum
1194 4129 1317 4198 quidque

751 4201 863 4257 dicatur
880 4196 941 4255 ‘die
971 4200 1115 4256 einzelnen
1139 4196 1311 4254 An'siehten'.

788 4296 831 4346 22.
849 4297 938 4346 vestra
960 4291 1048 4348 solam
1066 4291 1169 4362 lepitie,
1193 4288 1239 4343 ein
1257 4290 1316 4343 den

751 4360 929 4501 lilllflenln
943 4361 986 4417 oft
999 4362 1163 4431 gemachter
1173 4360 1314 4416 Vorwurf.
