3059 4917
231 251 297 334 444

232 424 442 494 nuncupaverit.
472 422 545 492 Quos
562 423 624 478 deos
641 421 770 490 Hdsehr.‚
789 421 894 491 Mayor.
932 428 947 489 5
966 427 1007 478 to.
1027 438 1059 475 ea
1077 439 1132 477 esse
1149 430 1277 494 qenerata
1295 456 1332 466 -
1349 442 1412 480 eum

233 512 287 550 esse
301 502 459 566 qeneratum
477 494 602 548 Walker.
639 501 653 560 5
673 499 716 548 86.
735 511 769 548 ea
786 495 823 547 iis
841 525 874 534 -
894 511 927 548 ea
944 495 987 548 leis
1000 492 1120 549 Hdschr.
1157 501 1172 560 5
1191 501 1234 550 89.
1250 502 1268 563 †
1282 496 1361 551 Sicut
1376 528 1411 536 -

233 569 287 634 sie,
306 568 361 634 ait,
381 566 485 633 Mayor.
513 565 551 619 ib.
566 566 631 620 item
644 566 702 619 alia
721 567 809 620 multa
826 595 859 603 -
880 566 957 620 item:
976 564 1034 617 und
1052 565 1113 618 alia
1130 567 1218 621 multa
1235 568 1308 620 nach
1327 569 1412 635 refert
1501 614 1502 621 ,

234 637 351 692 Goethe.
389 643 464 701 594.
490 638 630 690 calore-
649 637 743 691 colore.
787 641 863 700 598.
887 651 1020 691 eonaavas
1042 636 1204 691 altitudines
1222 669 1257 678 —
1275 654 1412 693 mucavas
1501 692 1502 695 ,

231 709 428 778 amplitudines
441 707 586 762 Heindorf.
620 712 709 772 5107.
729 713 759 762 at
773 709 850 761 tereti
864 738 898 747 -
912 707 1017 762 atereti
1039 705 1160 761 Hdsehr.
1192 707 1230 763 ib.
1243 711 1361 764 maiores
1375 741 1410 750 -

231 780 359 834 Maioris.
396 786 411 844 5
432 785 489 834 108.
504 779 669 833 adunantur
686 808 720 818 —
739 779 924 832 admiscentur
941 777 1030 831 BHV
1046 776 1107 831 Ori.
1140 784 1229 843 5110.
1249 782 1300 834 sub
1320 788 1406 849 eaput

234 881 267 890 -
282 853 332 905 sub
348 853 435 919 capite
449 849 571 904 Goethe:
591 848 728 903 Fleckeis.
743 849 841 902 Jahrb.
863 855 931 904 1885
949 868 978 918 p.
991 854 1049 902 137.
1083 856 1098 913 5
1116 856 1174 904 114.
1194 850 1282 905 Ouius
1295 859 1411 920 propter

233 924 339 976 laevum
352 938 485 991 penus-
501 921 587 975 Cuius
597 927 710 990 propter
723 921 829 975 laevum
839 938 911 991 qenu
926 920 1102 988 (ausserhalb
1117 920 1165 974 des
1176 921 1288 990 Verses)
1303 923 1407 976 Baiter.

233 992 272 1046 ib.
302 995 377 1048 omni
411 1009 444 1046 44
473 999 554 1061 parte
586 994 688 1047 locatos
719 992 833 1046 Parvos.
892 991 977 1045 Diese
1007 991 1105 1044 Worte
1142 991 1205 1045 sind
1241 993 1315 1047 nach
1353 993 1410 1046 den

201 1123 202 1126 Ἴ
232 1064 352 1119 Hdsehr.
377 1064 427 1116 der
454 1063 599 1116 A-Klasse
630 1063 820 1131 ausgelassen.
875 1062 906 1114 In
932 1062 954 1115 Β
984 1061 1147 1115 erscheinen
1186 1062 1333 1117 dieeelben
1365 1065 1410 1117 als

232 1135 400 1204 Erginzung
419 1150 472 1188 aus,
487 1133 638 1187 Phaenom.
655 1139 697 1188 vt.
730 1139 825 1197 5113.
845 1135 899 1187 alte
918 1165 952 1173 —
966 1135 1022 1199 alto
1041 1132 1163 1187 Grotius.
1191 1133 1230 1190 ib.
1246 1136 1360 1205 plexum
1374 1166 1409 1174 —

232 1210 332 1275 denum
340 1205 427 1272 A²B⁹‚
436 1205 557 1259 Hdsehr.
566 1205 616 1258 der
624 1204 776 1258 Phaenom.
786 1210 801 1269 5
812 1209 871 1258 114.
879 1221 989 1273 corpore
997 1206 1075 1273 ripae
1083 1211 1229 1274 -pectore
1237 1205 1409 1274 repasHein·

234 1276 303 1332 dori.
318 1277 356 1332 ib.
372 1278 485 1330 cedit—
496 1277 585 1330 caedit
600 1275 694 1330 BHV.
723 1281 813 1340 5118.
828 1291 964 1344 aquarum
983 1306 1017 1315 -
1036 1292 1224 1344 aquarumque
1236 1278 1410 1345 reliquarum

233 1348 354 1416 Probus,
373 1347 599 1401 Forehhammer.
628 1347 664 1399 ib.
676 1347 825 1416 paululum
844 1378 877 1385 —
892 1349 1012 1416 paulum
1029 1345 1150 1414 Probus,
1170 1345 1276 1402 Baiter.
1312 1353 1327 1413 5
1348 1354 1408 1402 120.

233 1421 369 1474 sustinent
388 1451 421 1458 —
440 1420 611 1474 sustinentur
629 1417 683 1470 AV
696 1418 728 1472 H.
762 1423 857 1481 5123.
877 1419 944 1472 aliis
965 1418 1103 1488 [pencris]
1121 1418 1213 1472 bestiis
1236 1449 1270 1458 -
1294 1421 1410 1474 alterius

233 1492 339 1561 qeneris
358 1490 449 1544 bestiis
468 1489 584 1545 Goethe.
613 1488 651 1542 ib.
671 1490 786 1557 squillae
803 1505 896 1542 morsu
915 1490 989 1557 pina
1007 1519 1041 1528 -
1059 1489 1174 1557 squillae
1196 1489 1299 1560 [pina]
1316 1506 1410 1545 morsu

236 1561 418 1614 Schoemann.
465 1567 480 1625 5
505 1566 564 1614 126.
588 1561 618 1614 id
644 1567 682 1614 est
702 1561 805 1629 panus
828 1566 892 1614 ante
917 1561 1014 1613 saeclis
1036 1591 1069 1599 -
1088 1560 1135 1630 [id
1160 1566 1199 1613 est
1219 1563 1320 1629 paucis
1346 1568 1410 1615 ante

234 1633 346 1702 saeclis]
364 1630 460 1691 (lebet.
488 1631 526 1684 ib.
546 1632 684 1685 venenatis
698 1661 732 1670 -
746 1632 873 1685 vacantis
890 1630 986 1698 Allen‚
1006 1630 1111 1698 Meyer.
1149 1636 1243 1695 5134.
1266 1633 1410 1686 manditur

234 1710 314 1771 atque
327 1703 378 1772 [ab
392 1701 444 1771 iis]
458 1709 623 1756 entenuatur
638 1732 670 1741 -
686 1703 829 1756 manditur
842 1708 923 1770 atque
936 1709 1100 1756 extenuatur
1113 1704 1148 1756 ab
1163 1703 1200 1756 iis
1214 1701 1275 1756 Oxf.
1312 1708 1327 1766 5
1349 1709 1410 1757 135.

235 1775 343 1842 depellit
366 1803 399 1812 -
423 1775 500 1826 item
522 1774 630 1840 depellit
653 1771 772 1827 Goethe.
823 1779 838 1837 5
861 1778 920 1828 136.
948 1774 1052 1827 ducant
1077 1804 1111 1813 -
1134 1774 1276 1828 adducam
1302 1774 1328 1826 V
1348 1773 1410 1827 Oxi.

236 1845 420 1897 Schoemann.
457 1849 551 1908 513v.
582 1846 665 1897 tracti
692 1850 716 1897 et
739 1845 858 1912 proserii
885 1875 918 1884 -
945 1850 1049 1898 tractae
1078 1851 1103 1898 et
1125 1845 1263 1912 profectae
1289 1844 1410 1899 Hdschr.

235 1921 325 1980 5140.
345 1933 378 1968 44
396 1921 469 1968 terra
488 1945 521 1954 -
541 1916 572 1968 in
590 1921 663 1969 terra
682 1913 792 1968 Goethe
806 1931 830 1966 a.
845 1931 870 1968 a.
886 1913 917 1968 Ο.
936 1933 964 1983 p.
981 1921 1041 1968 137.
1078 1921 1093 1979 5
1113 1921 1172 1969 143.
1192 1921 1355 1985 speremus†
1374 1947 1408 1955 -

235 2003 369 2056 eqeremus
382 1993 578 2056 teperentnr
592 1985 700 2039 Goethe
715 2003 739 2040 a.
755 2003 780 2039 a.
795 1985 826 2040 Ο.
841 2004 869 2054 p.
886 1992 944 2039 138.
978 1993 993 2050 5
1009 1992 1060 2040 144
1079 1987 1230 2055 irrumpere
1245 2017 1278 2026 -
1292 1989 1411 2056 irrepere

235 2058 383 2112 Puteanus.
413 2063 503 2122 5145.
518 2059 671 2127 fipurarum
686 2099 692 2112 .
705 2099 710 2110 .
722 2098 745 2110 ..
761 2088 795 2097 —
809 2059 963 2127 tianarum
979 2058 1275 2126 pulchritudinem
1290 2057 1410 2112 Gocthe.

236 2135 250 2194 5
267 2135 324 2183 146.
344 2130 476 2200 qustaudi
490 2135 507 2196 †
521 2135 546 2182 et
556 2134 638 2197 parte
649 2159 681 2167 -
691 2130 824 2198 qnstandi
838 2134 863 2182 et
872 2130 981 2197 pariter
994 2127 1139 2182 Heindorf.
1165 2135 1180 2194 5
1196 2134 1255 2182 147.
1275 2130 1412 2197 efficiatur

235 2201 316 2268 idque
341 2231 375 2240 —
400 2201 535 2268 efficiatur
629 2201 709 2267 idque
728 2199 846 2252 Vahlen.
883 2205 978 2264 5149.
1004 2201 1042 2253 ad
1063 2201 1155 2254 dentes
1177 2206 1203 2254 et
1225 2201 1262 2254 ad
1285 2201 1358 2253 alias
1377 2231 1411 2240 -

235 2273 326 2326 dentes
348 2278 374 2325 et
396 2273 469 2325 alias
486 2270 517 2337 B,
533 2270 623 2337 Lanr.‚
640 2269 808 2324 Schwenke:
827 2269 901 2324 Phil.
915 2269 1059 2324 Rundsch.
1085 2276 1153 2324 1885
1172 2289 1200 2339 p.
1215 2276 1275 2325 273.
1319 2276 1411 2336 5151.

235 2345 360 2412 eliqimns
371 2373 404 2382 -
414 2343 537 2395 elicimus
550 2341 670 2395 Hdsehr.
695 2347 781 2406 5155.
796 2358 960 2410 quamquam
974 2343 1057 2395 etiam
1072 2373 1105 2381 -
1119 2359 1284 2410 quamquam
1297 2343 1412 2413 [diam]

237 2413 345 2467 Goethe
364 2430 389 2468 a.
405 2429 429 2467 a.
448 2411 479 2466 Ο.
498 2430 526 2481 p.
541 2418 599 2467 138.
644 2418 739 2476 5161.
765 2413 898 2482 eliqamus
917 2443 951 2452 ·-
969 2413 1111 2467 eliciamus
1132 2411 1276 2466 Heindorf.
1314 2418 1411 2478 5163.

236 2485 368 2538 debebunt
387 2514 420 2523 —
439 2485 571 2538 debebant
589 2483 683 2550 ABV,
702 2482 809 2551 Mayor.

731 2675 830 2729 Buch
851 2673 916 2728 111.

326 2793 341 2852 5
361 2793 385 2842 l.
405 2788 495 2841 menti
514 2817 547 2826 -
566 2787 646 2842 cauri
669 2785 789 2842 Hdschr.
831 2791 845 2851 5
865 2791 890 2839 8.
913 2786 962 2853 qui
979 2787 1010 2840 id
1027 2785 1138 2854 quaeris
1157 2817 1190 2826 -
1209 2786 1281 2853 quad
1299 2786 1410 2854 quaeris

236 2859 365 2926 Hdschr.‚
383 2859 609 2914 Forchharnmer.
646 2863 723 2923 514.
742 2857 901 2926 Sequuntur
919 2889 1003 2911 —...
1023 2863 1174 2925 seqmmtur
1192 2856 1297 2924 Mayor.
1334 2861 1408 2919 523.

237 2932 310 2985 diali
332 2961 365 2970 -
389 2931 487 2985 amini·
508 2929 652 2993 (Hdschr.:
677 2930 757 2998 alen.
795 2934 872 2993 530.
897 2929 924 2981 si
941 2929 1034 2982 omnia
1060 2927 1145 2998 [quae
1167 2929 1246 2998 sinn]
1269 2957 1302 2966 -
1326 2927 1352 2980 si
1374 2943 1411 2980 ea

236 3003 346 3072 [omnia
360 3019 428 3072 quae
441 3002 522 3071 sunt]
540 2999 643 3056 Baiter.
681 3005 696 3064 5
711 3007 754 3054 35.
773 3000 880 3053 animal
895 3000 1062 3054 intrinsecus
1076 3029 1109 3038 -
1123 2999 1230 3053 animal
1243 2999 1410 3052 extrinsemes

237 3073 356 3128 Hdschr.
398 3079 413 3138 5
433 3079 475 3128 42.
501 3073 689 3139 adferunt-
712 3073 845 3140 adferunt
867 3069 917 3125 Ovi
939 3069 1059 3125 Gronov.
1104 3075 1119 3135 5
1139 3076 1182 3123 47.
1205 3070 1352 3123 reiciamus
1376 3098 1410 3107 —

236 3145 365 3198 reieimus
382 3144 487 3212 Mayor.
524 3149 539 3209 5
560 3151 602 3198 50.
621 3143 835 3210 †Leonaticum
853 3171 887 3182 -
904 3141 961 3195 Leo
982 3148 1113 3195 namrnm
1134 3139 1295 3194 Lambinus.
1332 3145 1347 3205 5
1366 3145 1409 3193 53.

237 3217 346 3268 Anaces
365 3247 398 3254 —
416 3216 535 3269 Arcades
553 3214 671 3268 Hdschr.
699 3213 738 3268 ib.
752 3214 832 3268 Atrei
850 3243 884 3252 -
902 3213 959 3279 fnit
977 3243 1011 3252 —
1029 3213 1125 3283 [Atrei
1143 3243 1176 3251 —
1194 3211 1267 3281 fuit]
1292 3209 1409 3264 Goethe.

238 3291 311 3352 559.
331 3285 414 3339 Elide
428 3317 461 3324 —
476 3285 531 3339 Eli
543 3284 663 3338 Hdschr.
692 3290 756 3349 564
782 3285 900 3354 indiqna
913 3284 1091 3352 iis-dique
1104 3283 1147 3336 dis
1161 3282 1361 3337 immortalitas
1378 3281 1409 3334 B.

239 3363 253 3422 5
274 3363 316 3410 64.
335 3372 378 3410 eos
396 3371 449 3409 esse
467 3357 578 3410 cis....
599 3387 632 3395 -
651 3371 694 3408 eos
712 3371 767 3409 esse
784 3356 835 3422 vis,
853 3371 920 3409 non
937 3370 1004 3408 esse
1023 3355 1094 3408 seio
1111 3351 1236 3422 Madvig.
1273 3358 1346 3417 565.
1365 3353 1411 3406 sed

238 3443 373 3482 sumemus
392 3456 426 3465 -
444 3426 491 3479 sed
505 3431 523 3493 †
537 3441 671 3479 sumemus
689 3424 807 3479 Goethe.
844 3431 859 3490 5
878 3430 921 3480 58.
942 3425 1085 3496 Quondam
1100 3457 1132 3465 -
1149 3425 1291 3494 94444444
1304 3421 1410 3477 Deiter.

238 3504 253 3561 5
272 3503 316 3552 74.
334 3498 371 3551 ld
385 3513 489 3564 quoque
507 3527 541 3537 —-
560 3497 596 3550 Id
613 3496 748 3567 [quoqne]
761 3495 879 3550 Goethe.
917 3501 989 3561 574.
1007 3497 1151 3551 veneni-
1164 3511 1267 3550 venena
1280 3493 1411 3562 Hdsohr.‚

238 3568 462 3622 Forchhammer.
511 3573 525 3632 5
553 3574 592 3622 lt.
620 3566 719 3622 Caesae
749 3569 912 3622 cremarent
938 3569 1070 3638 abisquae
1094 3597 1128 3608 -
1153 3565 1239 3621 Caesa
1268 3566 1412 3620 accedisset

239 3641 356 3711 abieqna
379 3636 518 3707 Priscian,
546 3636 719 3692 Fleckeisen.
762 3644 777 3703 5
804 3643 847 3694 81.
875 3655 1019 3694 numerare
1047 3669 1080 3680 -
1107 3653 1265 3693 enummare
1290 3635 1411 3690 Ernesti.

239 3717 254 3776 5
273 3717 315 3766 83.
335 3727 389 3766 esse
408 3717 503 3779 aptum
522 3711 559 3764 ad
577 3726 653 3765 omne
671 3711 742 3764 anni
760 3717 866 3779 nuper
883 3712 982 3766 diceret
1001 3741 1035 3750 -
1053 3726 1108 3764 esse
1122 3710 1159 3764 ad
1172 3725 1250 3763 amne
1262 3709 1333 3762 armi
1348 3714 1410 3761 tem-

235 3801 291 3852 pus
304 3790 400 3852 aptum
414 3784 513 3836 diceret
527 3783 551 3834 A
565 3783 609 3851 (l).
638 3778 677 3835 cf.
693 3781 792 3836 Deiter
806 3781 986 3837 d.eod.Voss.
994 3801 1022 3851 p.
1031 3787 1074 3836 34.
1107 3787 1123 3846 5
1137 3786 1180 3835 84.
1194 3786 1212 3847 †
1225 3779 1368 3850 tqpanidis
1377 3808 1410 3818 -

239 3854 430 3980 §tyrannidisJ
443 3853 474 3921 B,
489 3852 593 3908 Baiter.
622 3859 636 3918 5
654 3858 696 3907 93.
717 3871 774 3909 nan
787 3855 880 3908 modo
893 3870 953 3921 eas,
971 3869 1006 3907 ne
1019 3883 1053 3892 -
1066 3852 1135 3907 Nan
1152 3850 1218 3906 aas?
1234 3867 1269 3905 ne
1282 3849 1410 3918 Hdsehr.‚
1501 3880 1503 3887 ›

261 3925 424 3981 choemann.
461 3931 476 3990 5
496 3929 538 3978 94.
553 3925 789 3994 providentissime
807 3956 841 3965 —
856 3925 1069 3994 prudentissime
1087 3923 1149 3980 AB.
