3059 4917
190 237 233 302 64
577 232 625 287 DE
643 232 797 288 NATURA
815 232 978 289 DEORUM.

191 394 374 463 Concedam
396 396 500 483 igitur
522 418 562 461 ex
584 396 758 462 individuis
783 403 934 463 constare
955 398 1073 463 omnia.
1110 394 1196 472 Quid
1214 397 1255 462 ad
1273 398 1365 464 rem?

137 507 171 558 sa
191 486 325 551 deornm
357 486 444 551 enim
475 490 593 551 natura
625 485 802 571 quaeritur.
853 485 928 551 Sint
957 508 1034 551 sane
1065 507 1104 551 ex
1133 486 1268 572 atomis;
1298 509 1366 553 non

190 574 293 661 igitur
325 574 457 640 aeterni.
504 573 598 651 Quod
630 574 717 640 enim
750 598 789 640 ex
819 575 952 660 atomis,
984 575 1018 640 id
1046 579 1161 640 natum
1191 575 1365 661 aliquando

190 667 255 750 est,
278 664 308 729 si
329 664 414 749 nati,
436 664 520 728 nulli
543 664 576 729 di
598 668 674 729 ante
697 686 796 749 quam
819 664 903 750 nati,
927 668 960 728 et
983 664 1012 729 si
1035 668 1127 730 ortus
1151 668 1201 729 est
1222 665 1366 752 deorum,

190 753 343 830 interitus
368 753 412 818 sit
434 775 566 818 necesse
590 758 653 838 est,
676 757 714 817 ut
736 757 775 818 tu
797 754 895 838 paulo
918 757 995 818 ante
1018 753 1057 818 de
1076 750 1224 818 Platonis
1242 754 1397 820 mundos

191 842 390 926 disputabas.
446 840 513 907 Ubi
541 842 645 928 igitur
670 842 755 906 'illud
784 846 931 907 uestrum
960 842 1094 907 beatum
1124 846 1157 907 et
1188 846 1365 928 aeternum,

191 931 308 1016 quibus
342 930 468 995 duobus
500 930 608 997 verbis
641 930 835 1017 significatis
869 930 986 995 deum?
1019 931 1107 1016 quod
1135 953 1210 996 cum
1237 931 1365 997 efficere

190 1020 304 1105 vultis,
334 1020 370 1083 in
400 1020 532 1085 dumeta
562 1020 744 1105 correpitis.
789 1019 842 1086 Ita
870 1020 956 1085 enim
984 1019 1128 1105 dicebas,
1157 1042 1225 1085 non
1248 1042 1365 1105 eorpus

191 1131 262 1174 esse
285 1110 320 1211 in
342 1109 417 1194 dec,
445 1110 501 1175 sed
524 1109 619 1195 quasi
641 1132 773 1195 corpus,
799 1131 859 1175 nec
882 1108 1090 1196 sanguinem,
1118 1110 1176 1175 sed
1198 1113 1366 1195 tamquam

128 1260 172 1327 25
191 1214 536 1372 sanglllidmperseepe
565 1286 689 1372 facitis,
723 1292 773 1372 ut,
808 1309 882 1352 cnm
911 1288 1035 1373 aliquid
1064 1310 1132 1353 non
1161 1288 1230 1353 veri
1259 1288 1366 1354 simile
1386 1220 1412 1261 1⁰

138 1352 172 1402 ⁰⁹
191 1376 308 1441 dicatis
340 1382 373 1442 et
403 1376 544 1463 effugere
574 1375 859 1461 reprehensionem
888 1377 1013 1463 velitis,
1045 1375 1201 1442 adferatis
1233 1376 1366 1462 aliquid,

191 1466 278 1550 quod
309 1466 441 1531 omnino
473 1487 514 1530 ne
546 1465 618 1530 fieri
649 1465 781 1551 quidem
809 1466 928 1551 possit,
961 1470 1000 1531 ut
1026 1466 1130 1531 satius
1157 1464 1257 1530 fuerit
1284 1466 1366 1548 illud

190 1554 312 1641 ipsum,
336 1554 375 1619 de
399 1575 463 1639 quo
486 1554 727 1641 ambigebatur,
751 1555 925 1620 concedere
949 1577 1047 1640 quam
1070 1558 1139 1619 tam
1160 1554 1365 1638 impudenter

190 1643 352 1709 resistere.
399 1642 500 1709 Velut
522 1643 684 1728 Epicurus
709 1665 784 1709 oum
805 1643 944 1728 uideret,
967 1644 997 1709 si
1019 1643 1121 1709 atomi
1143 1643 1308 1709 ferrentur
1329 1643 1366 1707 in
1384 1664 1410 1706 u

190 1732 300 1797 locum
317 1730 506 1797 inferiorem
524 1736 640 1817 suopte
659 1733 810 1818 pondere,
828 1732 912 1797 nihil
928 1732 999 1798 fore
1013 1733 1049 1797 in
1062 1735 1177 1797 nostra
1189 1736 1364 1818 potestate,

192 1820 279 1905 quod
306 1825 392 1886 esset
420 1844 531 1887 earnm
559 1827 668 1888 motus
696 1826 804 1887 certus
833 1826 866 1887 et
887 1822 1103 1907 necessarius,
1132 1821 1270 1906 invenit,
1300 1843 1364 1907 quo

191 1908 289 1975 modo
318 1910 548 1982 necessitatem
576 1912 745 1998 effugeret,
776 1911 862 1997 quod
889 1910 1041 1977 videlicet
1063 1910 1288 1975 Democritum
1314 1910 1366 1975 fu-

192 2003 299 2085 gerat5
323 1999 370 2063 ait
393 2004 551 2088 atomum,
575 2022 648 2065 cum
669 2001 813 2086 pondere
837 2004 870 2066 et
893 2000 1055 2087 gravitate
1078 2000 1207 2065 derecto
1231 2000 1365 2066 deorsus

223 2211 310 2279 ploro
341 2212 513 2281 complector,
550 2211 576 2267 d.
605 2211 633 2266 h.
661 2210 752 2266 meine
807 2211 906 2265 halten
937 2210 1024 2278 habe,
1056 2210 1134 2265 steht
1165 2210 1216 2265 des
1245 2209 1365 2279 Zeugnis

191 2280 320 2335 Polemik
344 2282 449 2337 riehtet
480 2282 541 2336 sich
574 2297 667 2351 gagen
695 2283 751 2337 An·
808 2283 858 2336 des
868 2280 1036 2337 Aristoteles
1051 2282 1086 2336 de
1097 2282 1164 2335 cael.
1179 2281 1227 2349 Ill,
1240 2288 1269 2347 2,
1284 2281 1364 2350 phys.

192 2351 315 2421 sichten,
336 2352 382 2407 die
407 2352 453 2407 ihr
478 2353 559 2407 nicht
586 2352 673 2407 allein
691 2370 752 2408 ver·
807 2353 880 2419 VHl,
893 2360 917 2419 1,
927 2353 962 2408 do
972 2370 1036 2423 gen.
1046 2352 1130 2407 anim.
1145 2352 1179 2419 Il,
1190 2359 1205 2407 6
1217 2354 1365 2420 entgegen,

191 2423 290 2490 tretet,
305 2438 398 2493 gagen
412 2424 463 2478 das
477 2424 507 2477 in
521 2431 536 2491 ξ
552 2430 585 2480 62
605 2425 752 2494 gegebene
806 2424 880 2479 nach
899 2425 963 2480 dem
981 2423 1034 2477 wir
1047 2423 1186 2477 vielmehr
1207 2422 1366 2477 annehmen

191 2493 396 2563 Versprechen.
455 2494 508 2549 Die
552 2495 752 2551 Atomenlehrs
801 2502 934 2564 mdssen,
972 2494 1030 2549 dass
1061 2492 1210 2549 Demokrit
1241 2494 1287 2547 ldr
1319 2492 1365 2548 die

191 2564 283 2619 haben
304 2562 350 2619 die
363 2564 521 2636 Epikureer
538 2566 592 2622 mit
604 2565 753 2621 Demokrit
806 2567 1004 2637 Urbewegung
1027 2566 1078 2619 der
1099 2566 1200 2620 Atome
1228 2564 1290 2619 eine
1316 2582 1365 2619 an·

191 2635 313 2706 gemein.
805 2638 905 2709 fangs-
945 2638 1004 2692 und
1045 2636 1162 2692 endlose
1207 2636 1365 2691 Wirbelbe·
1429 2689 1432 2694 .

228 2712 253 2765 5.
267 2708 355 2778 puato
373 2714 450 2764 ante:
468 2715 537 2775 §20-
807 2726 928 2792 wegung
941 2709 1046 2778 ansah,
1066 2707 1200 2762 wahrend
1214 2724 1245 2763 er
1258 2724 1288 2763 es
1303 2724 1366 2762 aus·

229 2785 252 2835 t.
281 2780 445 2851 siqaificote's
476 2782 568 2849 mom,
593 2782 651 2850 vgl.
672 2786 751 2848 §492
807 2781 956 2835 drflckhch
979 2780 1121 2847 ablehnte,
1141 2779 1208 2850 jene
1233 2777 1365 2833 Urbewe·

191 2867 260 2920 quoe
278 2852 315 2906 sit
333 2857 358 2906 at
376 2853 454 2907 teoto
467 2859 571 2909 actara
589 2858 614 2908 et
632 2860 751 2909 merae.
899 2870 933 2907 zu
947 2851 1085 2907 erkldren.
1108 2850 1173 2921 Vgl.
1183 2849 1306 2921 Brieger,
1319 2849 1365 2904 die

228 2926 254 2977 8.
273 2923 305 2978 ta
327 2924 436 2978 dumeto
468 2925 622 2994 consopitis,
657 2924 753 2979 uohin
832 2924 1006 2993 rbeuegung
1015 2924 1065 2977 der
1075 2922 1184 2991 Atome,
1195 2922 1278 2976 Halle
1287 2927 1364 2978 1884.

193 2993 265 3047 euch
289 2992 423 3047 niemand
446 3012 479 3047 au
505 2994 601 3065 fulgen
626 3012 752 3067 vermag.
845 3002 886 3051 lo.
900 2996 972 3051 asbel
984 2996 1044 3063 fore
1061 2996 1094 3049 ia
1111 3001 1207 3049 amtro
1225 2999 1365 3064 potestate.

192 3062 250 3117 Das
260 3062 324 3117 Bild
342 3063 381 3118 ist
399 3064 529 3120 entlehnt
547 3082 602 3121 von
620 3067 685 3121 dem
702 3084 751 3139 ge·
805 3066 927 3137 Epikur,
942 3064 1086 3120 derkeine
1100 3064 1367 3133 Wirbelbewegung

192 3134 307 3187 hetzten
324 3134 429 3190 Wilde.
452 3135 665 3206 Aead.11,1ia:
690 3156 751 3194 cum
804 3137 856 3192 der
882 3138 984 3192 Atome
1011 3135 1210 3201 konstatierte,
1245 3134 1366 3188 sondsrn

192 3206 230 3260 cit
252 3206 324 3259 enim
347 3222 474 3276 campus,
496 3210 529 3263 ia
545 3225 598 3279 pao
616 3212 752 3265 ecaattorc
805 3207 852 3264 ein
879 3207 1059 3263 senkrechtes
1085 3206 1182 3259 Pallen
1209 3204 1364 3272 desselben,

188 3276 277 3347 possa
304 3279 406 3346 oratio,
432 3295 483 3335 osor
510 3297 569 3336 eom
601 3287 695 3338 contos
719 3282 751 3336 io
804 3279 890 3333 nahm
914 3295 962 3345 an,
987 3276 1044 3332 dass
1067 3276 1108 3330 sie
1132 3275 1178 3331 ein
1198 3274 1292 3346 wenig
1309 3291 1366 3329 von

193 3349 339 3420 anauniae
364 3355 389 3404 at
413 3352 446 3405 ia
463 3350 616 3408 &samm
642 3354 752 3409 doado
805 3350 855 3405 der
888 3348 1076 3404 senkrechten
1102 3346 1182 3401 Linie
1209 3345 1364 3414 abwichem

193 3420 395 3488 compellimus?
804 3440 853 3477 um
862 3419 1009 3475 einerseits
1017 3415 1308 3473 denZusammenstoll
1316 3418 1366 3472 der

230 3493 268 3545 13.
282 3497 315 3547 at
332 3494 422 3548 sotius
443 3494 544 3563 suerit,
568 3494 633 3549 weil
652 3510 681 3549 es
699 3512 750 3549 nn-
805 3495 907 3548 Atome
932 3492 990 3545 und
1023 3490 1114 3544 demit
1143 3488 1190 3543 die
1225 3488 1365 3543 Weltent·

193 3560 339 3632 abhangig
348 3562 453 3620 beillen
462 3566 570 3622 uuida:
588 3567 751 3635 sotiossait.
806 3564 928 3634 stehung
947 3580 981 3616 au
1006 3559 1210 3631 ermoglichen,
1235 3560 1365 3615 anderer-

231 3638 272 3689 15.
296 3634 374 3691 Veto
391 3635 541 3707 Epieum.
561 3637 613 3691 Die
622 3636 751 3707 Richtig·
808 3635 877 3691 seits
896 3632 1078 3690 dieFreiheit
1092 3632 1142 3687 des
1155 3631 1367 3687 menschliohen

193 3702 255 3760 keit
296 3705 388 3762 seiner
432 3706 622 3779 Behauptung
668 3707 751 3763 weist
806 3706 927 3763 Willens
945 3724 979 3760 au
997 3707 1102 3772 retten,
1122 3704 1172 3757 der
1190 3703 1264 3759 ohne
1288 3703 1366 3758 diese

193 3773 277 3832 Cotta
295 3794 333 3833 an
351 3777 413 3834 drei
426 3778 587 3851 Beispielen
602 3780 684 3835 nach.
699 3778 754 3834 Mit
807 3775 1366 3845 uillkdrlichedbweichungderdtome

194 3852 261 3913 §71
289 3848 375 3905 kehrt
404 3866 435 3905 er
465 3869 528 3906 zum
552 3851 753 3922 Hauptgsgen·
808 3851 873 3905 dem
899 3847 1159 3904 unabenderlichen
1180 3847 1367 3918 Naturgesetu

194 3920 293 3975 stands
311 3923 423 3979 aurflok.
807 3921 996 3976 unterworfen
1030 3935 1160 3991 genesen
1184 3924 1268 3976 ware.
1301 3917 1366 3986 Vgl.

230 3994 548 4065 iacetani-scopu
579 3992 754 4050 medeaDsr
810 3994 845 4048 de
859 3993 909 4047 fat.
924 4000 966 4048 23.
981 3991 1062 4047 Lucr.
1077 3992 1111 4060 11,
1122 3995 1255 4045 251—93.
1322 4056 1329 4068 .

193 4060 384 4135 Behauptung
413 4064 525 4122 Ciceros
576 4064 616 4120 ‘er
639 4064 697 4118 und
724 4062 755 4118 in
847 4070 889 4119 19.
903 4065 1018 4130 derecta
1038 4063 1089 4116 das
1112 4061 1152 4115 ist
1174 4059 1220 4113 die
1245 4058 1366 4124 richtige

194 4138 261 4202 573,
279 4135 336 4189 dac
360 4136 521 4205 Demokrit,
547 4136 611 4193 dem
637 4135 677 4190 im
702 4136 753 4190 ell-
810 4134 1024 4201 Sohreibweise,
1055 4132 1137 4187 nicht
1159 4133 1274 4197 deado,
1303 4128 1365 4181 ent·

194 4204 344 4273 gemeinen
360 4206 469 4278 Epikur
492 4208 583 4278 folge,
602 4207 649 4263 die
672 4206 753 4262 senli-
809 4204 966 4277 sprechend
997 4205 1062 4258 dem
1086 4203 1210 4257 Verbum
1239 4200 1366 4270 deripere,

194 4275 291 4331 rechte
310 4277 472 4351 Bswegumg
494 4281 544 4335 der
562 4278 671 4348 Atome,
690 4278 753 4334 her·
805 4272 921 4349 ‘gerasto
935 4271 1066 4342 riehten',
1079 4271 1368 4353 gegenflberdiriocsc

195 4349 367 4415 vorgerufen
381 4350 470 4405 durch
484 4350 530 4405 die
547 4349 676 4405 Schwere
692 4349 753 4405 der·
805 4345 892 4403 ‘nach
927 4345 1149 4402 verschiedenen
1183 4342 1280 4397 Seiten
1318 4341 1369 4396 hm

195 4416 306 4488 selben,
324 4420 372 4474 sur
396 4420 443 4475 die
463 4420 679 4492 ursprflngliohe
704 4437 753 4490 ge·
808 4414 940 4475 richten'.
