3059 4917
465 257 525 312 LlB
548 259 596 314 Ill.
617 257 695 313 GAP.
713 265 824 314 19-21.
844 264 988 325 §oo-53.
1253 265 1320 331 213

142 425 228 487 certe
253 424 349 486 erunt
376 423 603 504 tempestates,
632 443 714 507 quae
744 422 859 506 populi
886 421 1029 487 Romani
1057 422 1176 488 ritibus
1207 446 1318 489 conse-

142 514 251 576 cratae
283 513 370 575 sunt.
423 509 514 596 Ergo
546 510 681 593 imbres,
723 510 841 594 m'mbi,
884 511 1060 596 procellae,
1104 512 1251 577 turbines
1285 512 1319 577 di

141 598 287 684 putandi.
333 596 451 663 Nostri
480 597 611 684 quidem
643 599 739 664 duces
773 621 863 664 mare
894 600 1116 686 ingredientes
1148 601 1319 666 immolare

141 687 286 753 hostiam
308 686 461 752 fluctibus
495 692 700 753 consuerunt.
747 687 819 752 Iam
851 688 880 753 si
912 693 963 754 est
993 686 1090 754 Ceres
1122 711 1142 753 a
1174 689 1317 776 gerendo
1336 701 1371 752 52

110 773 205 863 s(ita
228 776 316 841 enim
339 772 493 862 dicebas),
516 780 604 840 terra
622 776 694 860 ipsa
713 777 773 841 dea
792 781 843 842 est
866 781 900 841 et
921 777 970 841 ita
987 776 1142 864 habetur;
1165 783 1320 864 quaeest

143 865 229 929 enim
252 864 318 929 alia
340 862 474 928 Tellus?
520 863 579 929 Sin
601 869 702 950 terra,
730 888 820 930 mare
853 866 966 952 etiam,
999 889 1096 952 quem
1126 865 1319 952 Neptunum

144 975 214 1018 esse
237 953 380 1038 dicebas3
410 974 488 1039 ergo
520 957 554 1018 et
585 953 720 1018 flumina
752 958 786 1019 et
816 953 935 1020 fontes.
988 955 1105 1040 Itaque
1136 959 1169 1020 et
1201 953 1319 1020 Fontis

143 1041 314 1106 delubrum
342 1041 435 1106 Maso
468 1062 508 1106 ex
531 1039 663 1107 Corsica
696 1043 871 1128 dedicavit,
908 1048 942 1108 et
977 1043 1013 1107 in
1048 1066 1210 1129 augurum
1246 1066 1319 1128 pre·

144 1130 272 1195 catione
294 1129 499 1215 Tiberinum,
523 1129 714 1216 Spinonem,
737 1130 926 1217 Almonem,
949 1131 1131 1216 Nodinum,
1158 1133 1224 1197 alia
1245 1155 1320 1216 pro

98 1240 125 1280 ro
143 1219 341 1305 pinquornm
377 1218 549 1283 fluminum
584 1219 719 1284 nomina
759 1220 917 1286 videmus.
977 1220 1068 1307 Ergo
1100 1220 1164 1286 hoc
1195 1226 1254 1286 aut
1284 1221 1321 1285 in

143 1308 338 1372 immensum
363 1312 484 1392 serpet,
513 1311 570 1372 aut
592 1307 676 1373 nihil
697 1308 817 1374 horum
848 1310 1057 1394 recipiemus,
1088 1331 1149 1374 nec
1180 1310 1238 1375 illa
1269 1311 1319 1374 in-

143 1396 237 1461 finita
260 1396 345 1461 ratio
369 1396 612 1481 superstitionis
635 1397 839 1481 probabitur.
884 1397 976 1462 Nihil
999 1419 1078 1485 ergo
1106 1398 1224 1464 horum
1247 1421 1321 1483 pro-

143 1485 286 1550 bandum
309 1488 368 1550 est.

233 1573 388 1640 Dicamus
410 1574 527 1660 igitur,
549 1574 666 1660 Balbe,
698 1580 830 1660 oportet
861 1580 976 1641 contra
1007 1576 1082 1642 illos
1113 1577 1227 1662 etiam,
1264 1599 1285 1662 q
1311 1541 1382 1607 '21

1286 1599 1320 1641 ur

98 1684 126 1724 rs
144 1662 205 1728 hos
230 1663 307 1728 deos
331 1685 370 1728 ex
392 1662 563 1728 hominum
593 1685 712 1750 genere
741 1664 778 1728 in
809 1665 935 1730 caelum
967 1665 1145 1730 translatos
1177 1687 1245 1730 non
1275 1687 1320 1749 re,
1339 1632 1376 1682 ⁵³

145 1752 202 1817 sed
239 1751 391 1837 opinione
428 1774 499 1818 esse
535 1752 661 1837 dieunt,
698 1774 780 1838 qnos
818 1758 957 1840 auguste
994 1776 1106 1819 omnes
1144 1758 1322 1838 sancteque

144 1862 343 1905 veneramur.
394 1839 562 1924 Principio
592 1840 686 1906 Ioves
710 1845 778 1906 tres
808 1845 982 1907 numerant
1010 1843 1052 1928 ii,
1083 1843 1140 1928 qui
1172 1842 1323 1929 theologi

144 1928 370 2013 nominantur,
394 1948 433 1992 ex
451 1929 569 2012 quibus
587 1929 730 2014 primum
749 1934 783 1993 et
802 1932 979 1995 secundum
996 1935 1093 1996 natos
1117 1932 1153 1995 in
1171 1930 1321 2016 Arcadia,

146 2016 285 2080 alterum
300 2020 394 2099 patre
408 2015 563 2103 Aethere,
582 2039 621 2081 ex
636 2040 699 2103 quo
719 2017 820 2082 etiam
833 2017 1065 2104 Proserpinam
1083 2024 1195 2084 natam
1208 2019 1323 2086 ferunt

101 2127 128 2167 so
147 2109 181 2169 et
211 2103 379 2190 Liberum,
420 2105 559 2169 alterum
591 2110 685 2189 patre
717 2103 830 2191 Caelo,
867 2107 923 2192 qui
956 2108 1107 2194 genuisse
1140 2108 1321 2174 Minervam

185 2374 207 2422 1.
228 2373 400 2437 tempestates.
421 2366 470 2423 Or.
491 2367 564 2423 Fast.
581 2368 628 2438 Vl,
642 2375 704 2424 19³:
759 2371 918 2440 ropionibus
967 2371 1115 2427 mercitnm
1166 2371 1323 2426 mletudine

148 2439 183 2494 Te
201 2455 312 2508 qnoque,
333 2439 497 2508 Tempestas,
515 2441 639 2495 meritam
661 2442 705 2498 de-
760 2447 942 2511 temptoccrat.
962 2441 1001 2497 ib.
1015 2443 1036 2511 l,
1055 2448 1098 2507 70,
1115 2457 1142 2497 s:
1162 2458 1196 2497 en
1213 2443 1323 2513 mappis

147 2511 228 2566 inbre
241 2511 368 2577 fatemur.
388 2511 419 2564 In
434 2511 506 2565 Rom
519 2511 624 2566 befand
643 2511 705 2566 sich
759 2514 877 2582 rupibus
912 2519 1011 2569 nasim
1043 2514 1194 2584 planiciem
1235 2515 1322 2569 aciem

147 2579 193 2635 ein
211 2580 369 2651 Hciligtum
388 2581 438 2636 der
457 2581 565 2636 Stiirme
589 2581 637 2637 bei
657 2583 706 2637 der
760 2585 903 2639 instruxit.

168 2653 229 2706 orta
248 2651 369 2721 Capena.
411 2651 547 2708 Dasselbe
574 2670 632 2706 war
658 2670 707 2723 ge·
760 2679 762 2684 ·
796 2655 828 2708 in
855 2671 994 2725 anprnnm
1017 2660 1189 2723 precatione,
1218 2653 1265 2708 die
1291 2652 1322 2708 in

147 2670 209 2775 lobt
227 2739 283 2776 von
304 2721 334 2778 P.
354 2720 434 2776 Corn.
456 2722 550 2792 Scipio
576 2730 636 2793 259,
663 2725 706 2778 als
761 2725 817 2778 den
828 2724 1322 2794 Auguralbiichern(s.Il,11)gsnau

148 2791 199 2846 auf
215 2791 306 2846 einem
325 2792 400 2859 Zuge
418 2809 510 2862 gegen
530 2791 643 2849 Corsica
661 2794 707 2849 die
761 2793 1035 2863 vorgeschriebenon
1085 2794 1321 2863 Gebetslormcln,

147 2861 288 2916 romische
333 2862 426 2916 Flotte
471 2864 579 2932 iniolge
630 2864 707 2919 eines
761 2865 868 2918 welche
879 2864 925 2918 die
937 2867 1071 2931 Auguren
1080 2863 1127 2919 bei
1139 2864 1321 2919 ihrenAmts·

111 2953 116 2962 ·
148 2932 273 2987 Stnrmes
292 2930 397 2986 Gefahr
415 2931 478 3002 liei,
497 2933 628 3004 gtnrlich
645 2951 707 2990 ver·
761 2935 944 3006 handlungen
985 2936 1176 2990 anzuwenden
1213 2936 1321 2992 hatten.

147 3001 258 3058 nichtet
275 3021 309 3057 zu
327 3004 449 3059 werden.
761 2994 838 3060 liber
856 3005 903 3060 die
917 3005 1086 3075 Bedeutnng
1103 3007 1154 3060 dor
1167 3006 1264 3061 Fliisse
1277 3007 1323 3060 isrr

184 3075 707 3145 3.immoiure—tinctibnsoonsnernnt.
762 3076 809 3130 die
845 3075 1107 3147 Auguraldiseiplin
1143 3096 1164 3134 s.
1192 3077 1231 3148 ll,
1260 3083 1321 3134 92.

149 3145 186 3200 So
207 3143 316 3216 Scipio,
336 3146 424 3200 bevor
450 3162 480 3200 er
506 3147 580 3201 nach
607 3147 708 3202 Airika
757 3149 908 3218 peremnia.

148 3217 306 3270 iibersetzte
343 3215 414 3288 (Lis.
447 3216 550 3286 XXIX,
570 3219 629 3288 at),
648 3219 708 3272 und
798 3225 821 3273 9.
844 3219 1015 3287 Tiberinum,
1034 3219 1084 3273 der
1102 3218 1213 3274 salrale
1231 3219 1322 3274 Name

149 3287 293 3356 Octavian,
312 3288 400 3342 bevor
415 3287 491 3342 seins
505 3288 599 3343 Flotts
614 3305 707 3360 gegen
761 3290 812 3344 des
831 3289 924 3345 Tiber.
961 3288 1014 3344 Die
1038 3290 1160 3345 anderen
1185 3289 1249 3344 sind
1271 3308 1322 3344 un·

148 3358 176 3413 S.
201 3357 351 3429 Pompeius
376 3358 485 3415 auslief.
528 3359 611 3430 (App.
633 3361 660 3416 b.
683 3360 708 3416 οξ
761 3360 940 3415 bedcubende
971 3361 1030 3414 und
1058 3378 1120 3414 zum
1153 3361 1217 3416 Teil
1249 3362 1323 3416 auch

147 3429 180 3497 V,
195 3431 250 3499 98.)
762 3431 943 3486 unbekannte
962 3431 1145 3487 Nebenfliisse
1165 3432 1322 3490 desselben.

185 3506 209 3555 ὅ.
229 3503 269 3556 ita
288 3502 360 3556 enim
378 3501 499 3556 dicebas:
518 3500 553 3570 ll,
566 3508 609 3557 67.
799 3508 840 3556 14.
859 3504 909 3572 pai
923 3534 949 3542 —
975 3504 1085 3571 (liment,
1105 3501 1151 3558 die
1169 3504 1323 3571 Anhanger

185 3579 209 3625 6.
229 3571 294 3638 Sin,
314 3589 371 3627 sc.
388 3573 492 3638 ll,1i35.
762 3574 814 3627 der
831 3573 922 3628 Lehre
949 3573 998 3628 des
1018 3574 1199 3632 Euhemerus.
1247 3562 1323 3629 liber

186 3647 210 3696 7.
232 3642 491 3710 Fontisdeinbrum,
512 3659 548 3696 an
559 3643 610 3698 der
624 3646 709 3714 porta
764 3644 863 3699 diesen
881 3661 902 3700 s.
917 3663 939 3699 z.
953 3644 975 3712 Ι,
991 3650 1051 3701 los.

150 3710 264 3780 Capena
282 3729 337 3766 von
351 3711 380 3766 0.
396 3713 524 3783 Papirius
538 3715 617 3768 Maso
635 3715 710 3770 nach
802 3717 974 3786 17.tbeoIopi,
989 3721 1106 3780 silis.
1119 3717 1168 3785 pai
1181 3716 1324 3770 interiores

151 3781 258 3836 seinem
276 3781 358 3851 siege
381 3784 450 3837 iiber
476 3783 521 3838 die
542 3783 646 3839 Corsen
670 3785 709 3839 im
763 3793 925 3841 scrutantur
943 3787 1054 3841 litteras.
1154 3803 1159 3810 ’

149 3851 235 3906 Jahre
254 3859 304 3906 231
325 3852 461 3922 gestiitet.
481 3853 709 3926 Dichrehrung
801 3863 842 3912 18.
861 3859 894 3911 in
912 3858 1050 3925 Arcadio,
1075 3857 1163 3910 daher
1186 3856 1237 3909 der
1259 3856 1324 3910 Bei-

151 3923 202 3977 der
219 3923 317 3978 Fontes
336 3940 390 3977 war
415 3923 445 3977 in
463 3925 534 3978 Rom
557 3926 622 3979 sehr
645 3942 709 3980 aus·
763 3944 845 3981 name
864 3928 914 3982 des
937 3927 1007 3981 Zeus
1021 3933 1145 3991 Λυκαῖος
1162 3927 1235 3981 nach
1258 3928 1324 3983 dem

150 3993 284 4064 gedehnt.
321 3982 398 4049 iiber
412 3994 462 4049 das
477 3994 709 4051 ihnenzuEhren
763 3997 990 4068 gleiehnamigen
1008 3998 1098 4068 Berge
1122 3997 1152 4052 in
1170 3997 1323 4053 Arkadien.

150 4082 196 4120 am
216 4072 257 4120 13.
273 4064 399 4119 Olrtober
417 4065 553 4135 gefeierte
568 4067 642 4132 Fert,
662 4067 709 4122 die
801 4076 842 4124 19.
858 4076 939 4138 putre
958 4071 1069 4125 Aethere
1083 4069 1167 4136 steht,
1186 4069 1235 4124 wie
1250 4070 1323 4124 auch

149 4137 336 4205 Fontunoiio,
351 4137 408 4206 vgl.
423 4136 490 4193 Hor.
505 4154 591 4191 carm.
605 4139 653 4208 111,
666 4147 707 4194 13.
763 4140 814 4194 das
829 4140 962 4210 folgende
968 4141 1147 4210 putreCuelo,
1160 4139 1200 4193 im
1213 4139 1322 4194 Wider·

186 4213 210 4263 8·.
230 4225 264 4263 ec
282 4207 393 4263 Corsico
415 4204 613 4264 'unmittelbar
634 4211 709 4264 nach
764 4212 865 4281 spruch
885 4228 918 4264 nu
937 4211 987 4264 der
1004 4209 1221 4281 gewbhnlichen
1234 4198 1323 4264 llber-

150 4278 405 4334 seinerRiiclrlrehr
421 4296 471 4333 aus
482 4275 534 4335 -'.
553 4279 618 4350 Vgl.
630 4280 707 4337 Caes.
763 4282 911 4351 lieterung,
930 4281 1038 4336 welche
1057 4298 1122 4336 vom
1141 4280 1248 4334 Uranos
1268 4282 1324 4334 den

149 4350 176 4405 b.
197 4367 220 4405 c.
247 4350 292 4418 ΙΙΙ,
309 4357 334 4418 2,
353 4366 379 4406 s:
397 4353 491 4422 mucis
508 4357 659 4407 autumnus
677 4354 709 4406 in
763 4352 873 4406 Kronos
891 4353 949 4405 und
976 4369 1032 4406 von
1059 4351 1165 4407 diesem
1191 4355 1249 4406 eret
1267 4353 1324 4406 den

149 4421 256 4490 Apulia
293 4437 326 4476 cc
368 4424 557 4478 saluberrimis
599 4423 709 4478 Galliae
763 4423 833 4477 Zeus
852 4423 1024 4478 abstsmmen
1043 4421 1113 4477 laus.
