3059 4917
438 248 506 304 LlB.
521 249 554 304 ΙΙ.
575 247 652 304 OAP.
668 254 716 316 55,
731 253 774 304 66.
793 253 808 313 ὃ
824 254 972 313 lat-141.
1229 251 1292 316 173

118 415 330 501 plicationem
358 433 493 495 corpore
522 415 594 476 toto
618 411 850 494 pertinentem,
878 411 935 494 qui
958 410 1044 474 sicut
1066 432 1166 474 venae
1190 414 1223 474 et
1246 433 1295 474 ar·

119 504 221 569 teriae
252 526 271 567 a
294 501 388 567 corde
412 505 536 564 tractae
560 507 593 564 et
615 499 781 584 profectae
803 499 839 562 in
862 520 980 583 corpus
1004 521 1099 562 omne
1122 499 1292 562 ducuntur.

120 591 171 658 Ad
195 591 279 656 hanc
301 589 541 674 providentiam
562 592 699 653 naturae
723 591 791 652 tam
815 587 1005 673 diligentem
1029 593 1161 672 tamque
1184 587 1295 650 soller-

121 687 188 747 tem
220 678 354 764 adiungi
385 678 490 742 multa
521 682 673 762 possunt,
705 676 869 762 equibus
896 677 1121 761 intellegatur,
1153 679 1294 759 quantae

86 790 103 831 c
121 792 172 835 res
200 767 387 833 hominibus
418 769 450 847 [a
473 766 536 846 dis]
567 788 728 851 quamque
757 765 893 829 eximiae
916 765 1059 829 tributae
1083 764 1158 829 sint.
1205 763 1294 838 Quae

120 859 264 943 primum
296 879 351 921 eos
383 855 483 920 humo
516 855 675 919 excitatos
707 855 810 918 celsos
834 859 868 918 et
891 859 1016 918 erectos
1040 853 1226 936 constituit,
1257 857 1295 917 ut

122 948 256 1016 deorum
286 944 508 1031 cognitionem
538 944 663 1008 caelum
689 943 856 1006 intuentes
885 964 998 1027 capere
1021 946 1164 1026 possent.
1211 939 1295 1006 Sunt

123 1036 209 1100 enim
230 1035 267 1098 in
288 1038 377 1098 terra
399 1032 562 1118 homines,
584 1055 652 1096 non
669 1035 706 1096 ut
728 1031 854 1096 incolae
877 1035 976 1115 atque
998 1031 1215 1113 habitatores
1239 1030 1295 1094 sed

123 1124 217 1209 quasi
241 1126 442 1208 spectatores
466 1143 656 1206 superarum
678 1143 787 1184 rerum
811 1125 909 1203 atque
933 1120 1134 1204 caelestium,
1158 1141 1296 1203 quarum

76 1235 105 1274 ro
124 1212 345 1296 spectaculum
387 1211 427 1275 ad
465 1211 592 1275 nullum
628 1209 717 1274 aliud
754 1231 857 1294 genus
894 1208 1108 1273 animantium
1144 1207 1296 1292 pertinet.

124 1300 244 1367 Sensus
269 1303 377 1364 autem
400 1299 594 1382 interpretes
619 1320 656 1363 ac
678 1298 787 1362 nuntii
809 1319 918 1361 rerum
940 1297 976 1361 in
999 1297 1104 1382 capite
1128 1301 1296 1380 tamquam

122 1391 159 1454 in
181 1412 253 1454 arce
276 1388 411 1453 mirifice
435 1387 475 1451 ad
498 1411 575 1452 usus
598 1387 799 1452 necessarios
823 1393 856 1450 et
877 1386 958 1451 facti
981 1391 1015 1451 et
1037 1385 1188 1451 collocati
1211 1390 1297 1450 sunt.

123 1477 209 1544 Nam
238 1477 324 1542 oculi
347 1481 515 1560 tamquam
539 1476 759 1559 speculatores
783 1476 982 1540 altissimum
1004 1477 1113 1540 locum
1137 1475 1296 1558 obtinent,

124 1589 163 1631 ex
186 1589 250 1652 quo
273 1565 414 1650 plurima
437 1565 674 1650 conspicientes
693 1563 874 1650 fungantur
893 1587 952 1629 suo
971 1586 1117 1648 munere3
1141 1568 1174 1628 et
1193 1585 1296 1645 aures,
1307 1574 1358 1623 141

76 1679 105 1719 rs
125 1679 198 1720 cum
236 1677 352 1720 sonum
389 1654 555 1739 percipere
587 1653 739 1737 debeant,
777 1653 833 1738 qui
864 1657 982 1718 natura
1014 1653 1152 1718 sublime
1183 1650 1296 1736 fertur,

124 1749 211 1809 recte
247 1744 283 1807 in
319 1743 395 1808 altis
431 1764 604 1826 corporum
636 1742 785 1825 partibus
818 1743 995 1807 collocatae
1028 1745 1118 1826 sunt3
1153 1740 1297 1825 itemque

124 1855 219 1898 nares
253 1836 298 1916 et,
332 1832 418 1916 quod
451 1832 556 1896 omnis
590 1832 670 1896 odor
700 1831 740 1894 ad
769 1853 886 1914 supera
907 1831 1025 1914 fertur,
1056 1832 1144 1894 recte
1169 1851 1298 1894 sursum

126 1925 203 1985 sunt
235 1925 281 2004 et,
314 1920 400 2004 quod
432 1919 496 1984 cibi
524 1923 557 1984 et
579 1919 724 2005 potionis
747 1919 903 1984 iudicium
926 1941 1082 2005 magnum
1105 1940 1216 1983 earum
1239 1923 1298 2001 est,

124 2031 192 2073 non
220 2009 289 2074 sine
317 2030 414 2072 causa
442 2008 645 2073 vicinitatem
669 2008 734 2073 oris
758 2012 888 2073 secutae
912 2013 996 2072 sunt.
1042 2007 1113 2072 Iam
1137 2010 1298 2092 gustatus,

1313 550 1356 616 5ss

1304 641 1356 691 140

164 2225 187 2271 1.
203 2235 312 2286 corpore
325 2224 387 2285 toto,
403 2235 415 2270 s
435 2223 497 2282 §95
508 2237 529 2272 z.
540 2223 594 2272 toto
604 2221 684 2274 cacto.
739 2219 825 2272 schen
844 2219 908 2271 dem
927 2217 1045 2271 Wirken
1069 2217 1120 2270 der
1137 2216 1228 2269 Natur
1253 2233 1298 2267 zu-

162 2296 187 2343 2.
206 2307 225 2343 a
257 2291 334 2343 corde
365 2295 475 2344 tractae.
525 2288 597 2342 Deru
625 2293 684 2344 ent·
739 2289 932 2358 geschrieben‚
952 2287 1070 2341 deshalb
1089 2287 1128 2340 ist
1145 2287 1219 2340 auch
1236 2285 1299 2339 hier

123 2360 486 2429 spi-echendbehaupteten
505 2359 552 2414 dic
566 2360 685 2415 meisten
739 2360 821 2414 nicht
831 2361 886 2430 Qui
896 2359 1098 2429 sondemQaae
1107 2358 1157 2412 das
1166 2357 1298 2426 richtige.

128 2431 247 2498 starker,
277 2429 333 2484 dall
365 2431 415 2484 das
444 2431 516 2484 Hera
544 2432 595 2484 der
627 2431 685 2486 sia
776 2439 801 2486 6.
818 2433 949 2499 primam,
964 2431 1027 2484 dem
1044 2429 1298 2500 entsprichtnach·

124 2503 176 2556 der
188 2502 267 2556 Seele
277 2502 326 2570 sei,
342 2503 474 2559 wahrend
485 2501 578 2571 einige
590 2503 686 2557 diesen
740 2503 792 2557 her
805 2503 906 2557 Scaeae
921 2509 1018 2556 uatem.
1037 2501 1132 2570 Vg1.1‚
1145 2507 1172 2558 7:
1188 2501 1221 2563 ΙΙ,
1239 2505 1298 2554 142.

125 2573 164 2626 inr
184 2573 306 2627 Gehirne
326 2575 444 2628 suchten
454 2573 540 2644 (Sext.
551 2573 629 2643 Emp.
640 2574 685 2641 IX,
776 2578 874 2628 erectos
892 2574 1041 2628 constituit.
1074 2572 1123 2625 Ov.
1137 2571 1204 2625 Met.
1220 2571 1239 2639 Ι,
1251 2576 1298 2626 85:

129 2646 199 2711 119).
223 2645 302 2697 Auch
317 2644 483 2698 Aristoteles
497 2645 569 2698 hielt
582 2644 685 2698 falech·
740 2661 770 2699 os
787 2646 893 2698 homini
909 2646 1023 2699 sublime
1045 2644 1119 2697 dedit
1145 2645 1300 2709 caelumque

126 2714 186 2766 lich
205 2715 255 2767 das
274 2714 347 2767 Hera
360 2714 405 2767 ftir
419 2715 469 2767 das
484 2715 686 2784 Zentralorgan
740 2717 813 2770 taert‘
843 2717 925 2770 laesit
956 2721 981 2770 et
1012 2721 1110 2768 erectos
1140 2715 1178 2768 ad
1208 2713 1300 2767 cidara

127 2785 179 2838 der
200 2783 316 2838 Nerven.
344 2784 407 2854 Vgl.
422 2792 437 2850 ξ
454 2791 512 2840 149.
532 2817 565 2826 -
584 2794 687 2842 tractae
739 2788 831 2841 tollere
848 2788 947 2841 cattas.

127 2854 168 2908 ist
186 2855 335 2908 attrahiert
359 2872 396 2908 an
413 2858 546 2924 arteriae,
572 2857 624 2911 wie
651 2858 686 2912 de
777 2863 802 2910 8.
821 2859 956 2925 interra,
976 2855 1203 2911 dieHdschrea
1216 2861 1300 2919 terra,

128 2925 175 2982 off.
191 2927 211 2992 Ι,
222 2931 268 2979 8οι
293 2933 323 2980 at
351 2927 422 2980 atta
447 2928 525 2982 aliud
549 2929 606 2982 aisc'
626 2946 687 2996 pax
741 2927 804 2982 eine
818 2927 923 2994 Lesart‚
938 2927 1045 2980 welche
1059 2925 1119 2980 sich
1133 2924 1301 2980 schwerlich

126 2997 252 3066 quaesita
280 3012 333 3050 esse
359 2997 492 3052 videatur.
525 2997 601 3053 Brut.
622 3005 686 3053 262:
741 2999 919 3067 verteidigen
937 2997 1007 3052 lact.

128 3069 205 3123 amal
214 3073 315 3122 oracta
323 3068 458 3122 orationis
472 3076 610 3138 tamquam
619 3077 688 3126 ceste
779 3076 821 3124 11.
839 3071 935 3124 acatii
951 3087 1050 3123 reram.
1079 3069 1120 3122 De
1138 3068 1194 3137 leg.
1212 3067 1238 3135 Ι,
1254 3073 1299 3121 26:

127 3141 260 3194 detracta.
741 3149 846 3196 catara
862 3142 966 3195 homiui
983 3157 1077 3194 sensas
1099 3147 1238 3207 tamquam
1255 3155 1300 3193 sa-

166 3215 181 3262 3
205 3210 251 3264 Aa
263 3210 336 3264 hacc
345 3211 555 3278 providentiam,
565 3210 634 3264 kurz
643 3210 688 3264 for
741 3214 838 3267 tellites
852 3214 980 3266 attribuit
990 3218 1014 3265 et
1022 3213 1143 3266 aarrtioc.
1155 3210 1218 3279 Vgl.
1229 3210 1247 3277 l,
1258 3216 1299 3264 70.

127 3282 258 3348 adhaec,
277 3298 346 3350 qaae
364 3282 397 3336 dc
420 3283 594 3350 providentia
619 3283 687 3337 diat.
778 3289 917 3351 tamquam
939 3285 971 3336 ia
993 3299 1062 3336 arce.
1100 3282 1182 3336 Tusc.
1211 3281 1233 3345 1,
1252 3287 1300 3336 20:

128 3352 193 3419 Vgl.
209 3350 268 3406 Liv.
283 3352 317 3418 ΙΙ,
330 3359 388 3420 7‚t:
408 3354 535 3406 adiciant
553 3353 689 3407 miracala
742 3353 824 3407 Plato
852 3353 933 3424 (Tim.
949 3359 982 3407 70
997 3354 1032 3417 A)
1059 3354 1194 3421 triplicem
1218 3353 1302 3418 finxit

127 3425 194 3479 talc
208 3440 334 3493 papaae,
368 3423 392 3476 d.
415 3423 433 3479 i.
463 3424 528 3477 dem
556 3424 689 3479 Berichte
743 3427 877 3491 animam,
887 3427 967 3479 caius
972 3427 1163 3492 principatum
1172 3427 1204 3478 ia
1214 3425 1302 3493 capite

128 3495 198 3548 liber
217 3493 294 3548 diese
314 3493 457 3548 Schlacht.
743 3497 815 3550 sicat
832 3500 864 3549 ia
882 3512 944 3550 arce
959 3497 1060 3563 posuit.

166 3572 190 3619 t.
205 3565 238 3634 [a
257 3565 325 3636 dia]
356 3564 418 3618 Dass
437 3566 514 3620 diese
534 3566 628 3620 Worte
644 3566 690 3621 ein
780 3564 1302 3634 17.sassambezeichnetgewohnlich

129 3640 256 3703 spaterer
279 3635 377 3690 Zusatz
409 3637 484 3705 sind,
519 3639 593 3692 sieht
624 3655 690 3690 man
744 3637 791 3692 die
808 3638 950 3706 Richtung
964 3638 1127 3701 nachoben‚
1143 3637 1234 3690 selten
1248 3636 1301 3690 wis

130 3705 246 3784 claraus,
276 3705 332 3758 dall
359 3705 398 3759 im
426 3708 579 3777 folgenden
608 3709 689 3762 Satze
743 3707 806 3762 hier
824 3709 874 3762 das
894 3708 1051 3762 Verweilen
1065 3725 1100 3761 aa
1119 3706 1211 3760 einem
1226 3705 1301 3761 Orte.

129 3775 179 3826 d1e
200 3774 315 3848 Hdschr.
338 3793 411 3830 zwar
438 3778 504 3847 Qut,
528 3780 597 3833 aber
620 3782 690 3833 statt
781 3786 822 3834 18.
841 3797 972 3850 mappam
987 3773 1180 3832 ‘wesentlich'.

131 3845 183 3897 des
207 3845 281 3898 Plur.
302 3849 499 3904 constituerant
527 3851 581 3904 den
610 3849 688 3918 Sing.
779 3853 834 3905 etot
848 3883 882 3890 -
897 3867 999 3917 earam,
1015 3847 1230 3916 einobjektiver
1245 3847 1303 3900 und

131 3916 274 3995 coustituit
301 3916 403 3970 bioten.
448 3918 548 3974 Dieser
573 3921 687 3975 letzterc
743 3920 790 3976 cin
808 3921 983 3990 subjektiver
1001 3919 1099 3974 Genet.
1117 3935 1172 3972 von
1191 3918 1303 3972 ciuem

129 3985 208 4039 'kann
226 3986 307 4040 nicht
325 3988 520 4043 verschrieben
549 3992 687 4050 seinund
742 3991 841 4046 Worte
858 3991 1015 4060 abhangig,
1031 3991 1084 4045 wie
1100 3996 1165 4043 145:
1184 4006 1302 4058 quaram
1329 4054 1342 4063 ..

131 4058 189 4184 gat
217 4058 270 4124 (di)
301 4059 344 4112 als
371 4059 490 4128 Subjekt
517 4063 619 4128 haben,
652 4063 689 4116 da
742 4065 877 4118 iudicium
891 4070 929 4120 ast
947 4065 1099 4127 scalmum
1120 4067 1183 4116 158:
1202 4076 1303 4115 canam

129 4161 131 4163 -
155 4129 231 4182 icero
240 4129 278 4181 im
289 4129 442 4198 folgenden
452 4131 526 4185 dann
536 4132 690 4188 sicherlich
742 4135 915 4190 dominorum
932 4135 1065 4189 adulatio.

132 4200 213 4254 nicht
240 4201 350 4256 deorum
378 4201 498 4256 scudem
525 4206 571 4258 sai
598 4205 688 4274 capnt·
780 4212 822 4260 20.
846 4212 952 4259 secatae
979 4210 1045 4259 sant
1072 4199 1178 4257 ‘haben
1205 4201 1301 4270 ausge-

129 4273 232 4326 tt'oaem
246 4270 431 4340 geschrieben
446 4274 533 4328 hatte.
545 4276 575 4328 ln
584 4273 689 4328 diesem
744 4272 843 4330 sucht’.
859 4275 901 4329 De
921 4275 966 4329 off.
981 4275 1001 4343 Ι,
1020 4280 1085 4328 132:
1103 4290 1189 4328 saraa
1207 4290 1301 4342 sequa-

131 4343 190 4422 upd
226 4342 282 4396 den
317 4344 453 4399 n'achsten
490 4345 690 4415 Paragraphen
743 4354 791 4402 tar
808 4348 948 4412 coactam
966 4347 1001 4398 de
1020 4346 1074 4413 leg.
1091 4346 1163 4405 lla:
1182 4346 1301 4398 amoeni-

132 4411 203 4464 wrrd
222 4411 272 4466 der
289 4413 450 4470 kunstvolle
469 4417 529 4472 Bau
548 4419 597 4473 des
612 4419 689 4472 Men·
743 4425 825 4474 tatem
843 4426 868 4472 et
889 4419 1078 4472 salubritatem
1100 4418 1172 4470 hanc
1199 4432 1302 4485 sequar.
