3059 4917
531 258 598 314 um.
613 258 648 312 Η.
664 257 730 329 cap.
745 265 793 328 aa,
809 265 851 314 aa.
866 265 881 325 e
897 266 1010 314 er-ca
1295 263 1360 330 135

185 427 295 487 custos
325 421 538 505 intumarum,
570 421 675 486 omnis
707 425 740 485 et
769 422 915 505 precatio
939 427 973 486 et
996 422 1191 487 sacrificatio
1215 428 1360 488 extrema

184 516 243 576 est.
289 509 358 576 Nec
390 512 487 596 longe
521 510 641 574 absunt
673 510 714 573 ab
746 509 809 574 hac
840 511 874 575 vi
903 511 936 574 di
963 510 1102 575 Penates
1132 511 1199 576 sive
1227 535 1246 576 a
1272 534 1359 595 penu
1378 523 1413 572 68

185 601 282 665 ducto
305 600 436 664 nomine
456 597 520 684 (est
540 599 626 663 enim
646 621 754 684 omne,
779 622 843 683 quo
863 604 1039 665 vescuntur
1057 599 1219 685 homines,
1242 599 1360 687 penus)

185 689 251 754 sive
279 689 329 753 ab·
345 711 396 773 ea,
427 689 513 772 quod
536 689 666 772 penitus
690 688 847 774 insident3
880 711 919 752 ex
942 711 1006 773 quo
1031 688 1130 753 etiam
1149 687 1357 772 ‘penetrales'

152 798 165 838 e
184 801 203 841 a
224 778 331 860 po’c'tis
354 781 521 842 vocantur.
567 777 638 842 Iam
661 775 826 860 Apollinis
841 800 969 841 nomen
991 781 1042 841 est
1066 777 1239 863 Graecum,
1262 801 1360 863 quem

185 865 294 931 Solem
324 888 394 930 esse
424 867 548 930 volunt.
593 865 733 930 Dianam
764 870 873 930 autem
905 871 938 930 et
967 866 1093 931 Lunam
1124 868 1258 932 eandem
1274 890 1359 932 esse

183 959 315 1039 putant,
339 977 412 1019 cum
433 953 489 1019 Sol
512 955 617 1020 dictus
642 955 699 1040 sit,
722 956 775 1019 vel
798 955 875 1039 quia
898 956 987 1019 solus
1012 978 1051 1019 ex
1074 956 1224 1020 omnibus
1249 956 1360 1020 sideri·

184 1045 244 1108 bus
269 1047 319 1108 est
342 1048 454 1108 tantus
478 1044 530 1108 vel
553 1044 642 1128 quia,
667 1066 740 1108 cum
764 1049 815 1108 est
834 1049 979 1128 exortuS,
1003 1045 1186 1108 obscuratis
1206 1045 1357 1110 omnibus

185 1134 273 1197 solus
297 1137 445 1217 apparet,
468 1131 561 1196 Luna
585 1155 604 1196 a
626 1133 762 1198 lucendo
785 1133 955 1197 nominata
978 1134 1036 1219 sit,
1062 1134 1174 1198 eadem
1197 1139 1248 1198 est
1271 1135 1357 1200 enim

140 1220 315 1286 10Lucina.
362 1221 491 1306 Itaque,
514 1226 552 1285 ut
568 1222 654 1305 apud
674 1221 815 1287 Graecos
834 1220 988 1306 Dianam,
1011 1245 1146 1306 eamque
1164 1221 1358 1309 Luciferam,

185 1311 231 1374 sic
267 1311 352 1394 apud
388 1315 519 1375 nostros
554 1310 713 1375 Iunonem
746 1311 903 1375 Lucinam
935 1311 970 1374 in
1001 1311 1157 1395 pariendo
1189 1311 1357 1398 invocant,

184 1422 266 1484 quae
299 1400 409 1463 eadem
439 1398 545 1463 Diana
570 1393 769 1484 ‘omnivaga'
802 1399 934 1484 dicitur,
966 1423 1033 1464 non
1063 1424 1082 1464 a
1108 1402 1269 1486 venando,
1301 1401 1358 1466 sed

183 1488 269 1572 quod
292 1487 328 1570 in
351 1492 476 1572 septem
499 1493 689 1552 numeratur
708 1492 876 1573 tamquam
894 1489 1099 1574 vagantibus.
1137 1488 1243 1554 Diana
1260 1491 1357 1576 dicta,
1377 1501 1411 1550 69

182 1576 258 1661 quia
280 1581 381 1641 noctu
405 1577 498 1661 quasi
521 1577 607 1642 diem
632 1577 784 1642 efficeret.
829 1576 1015 1642 Adhibetur
1038 1582 1148 1643 autem
1171 1579 1211 1642 ad
1233 1585 1357 1665 partun,

137 1687 162 1726 15
181 1666 269 1750 quod
286 1665 311 1729 ii
330 1670 554 1730 maturescunt
573 1670 631 1730 aut
650 1671 776 1749 septem
793 1689 861 1731 non
878 1689 1057 1752 numquam
1076 1671 1142 1750 aut,
1160 1671 1198 1730 ut
1215 1669 1357 1752 plerum-

181 1777 257 1839 que,
280 1777 397 1819 novem
420 1756 516 1819 lunae
540 1755 703 1840 cursibus,
727 1756 784 1840 qui
807 1756 884 1840 quia
907 1778 1020 1820 mensa
1043 1756 1150 1840 spatia
1172 1757 1358 1841 conficiunt,

180 1839 332 1908 ‘menses'
358 1843 578 1909 nominantur.
624 1841 867 1930 Gonoinneque,
898 1849 935 1909 ut
958 1845 1074 1929 multa,
1104 1844 1270 1930 Timaeus,
1301 1846 1358 1932 qui

219 2023 242 2071 1.
261 2018 392 2071 omnic-
407 2024 526 2072 extrema
537 2025 741 2074 est=entremo
796 2019 888 2073 dieser
924 2018 1027 2072 Mond-
1070 2019 1128 2072 und
1168 2018 1354 2089 Lichtgottin,

182 2089 309 2142 lanceat.
359 2087 498 2158 Beispiele
530 2107 586 2142 von
613 2089 741 2144 Gebeten
794 2091 903 2144 welche
925 2089 1056 2159 zugleich
1076 2107 1131 2143 von
1144 2090 1230 2144 alters
1249 2092 1300 2145 her
1313 2091 1356 2144 als

182 2158 239 2211 und
249 2157 366 2227 Opfern,
382 2159 428 2212 die
439 2158 491 2212 mit
500 2160 587 2214 Janus
599 2161 740 2230 beginnen
795 2160 841 2215 die
860 2161 1030 2230 machtigete
1056 2159 1272 2230 Geburtsgdttin
1300 2178 1357 2215 von

181 2229 240 2282 und
251 2229 303 2284 mit
312 2229 399 2284 Vesta
415 2231 551 2300 endigen,
570 2232 664 2285 finden
679 2233 740 2286 sich
795 2233 850 2286 den
868 2232 992 2286 Rdmern
1010 2232 1171 2301 angesehen
1190 2233 1293 2299 warde,
1313 2249 1355 2286 er-

181 2300 325 2354 zahlreich
343 2301 372 2354 in
383 2301 437 2354 den
447 2303 524 2357 tabo.
534 2302 567 2356 fr.
579 2303 673 2358 Arval.
689 2302 740 2357 Bai
795 2303 907 2357 scheint
926 2306 1021 2373 spater
1034 2302 1142 2371 infulge
1157 2303 1356 2372 griechischen

180 2371 382 2426 denGrieohen
396 2373 492 2427 warde
507 2374 594 2428 Vesta
608 2376 739 2442 gewdhn-
794 2374 945 2428 Einfiusses
974 2375 1038 2428 sehr
1063 2374 1160 2443 h'aufig
1187 2373 1233 2427 die
1257 2376 1357 2429 Diana

180 2443 239 2496 lich
258 2460 295 2496 an
314 2445 401 2498 erstcr
420 2443 509 2499 Stella
528 2445 689 2514 angerufen.
795 2446 958 2501 Incinaals
972 2444 1195 2514 Geburtsgdttin.
1214 2445 1278 2516 Vgl.
1288 2446 1355 2500 Hor.

217 2520 241 2570 2.
260 2515 319 2569 Nee
329 2517 405 2586 tempe
419 2518 520 2571 absunt
530 2548 564 2556 -
579 2517 741 2571 diPenatec.
797 2534 880 2570 carm.
896 2533 968 2570 saec.
980 2522 1022 2570 15.

179 2583 237 2638 Der
256 2585 332 2640 Herd
352 2603 409 2639 war
432 2586 563 2657 zugleich
588 2587 638 2642 der
660 2588 742 2641 Altar
833 2594 874 2642 12.
899 2589 1053 2658 omnicapa.
1085 2587 1182 2642 Dioses
1201 2587 1357 2657 Epitheton

180 2655 290 2740 furtdie
309 2657 442 2712 Penatcn.
499 2727 505 2738 ²
662 2727 667 2740 .
795 2658 885 2713 findet
903 2658 1206 2728 siohsonstnirgends‚
1226 2660 1356 2729 dagegen

180 2743 316 2851 velitis?
337 2728 742 2866 itlladlgeftiliellti
779 2730 1274 2871 .H⁰t.⁸³”dn⁸tdtwttqili¹m
1316 2819 1355 2858 a.

176 2869 289 2936 penitas
308 2868 412 2923 wieder
431 2885 486 2938 eng
505 2870 557 2923 mit
577 2887 668 2940 penas
692 2889 738 2924 au·
793 2874 887 2939 stellis,
907 2873 952 2926 die
971 2871 1124 2940 Planeten,
1144 2888 1177 2924 zu
1196 2871 1288 2926 denen
1306 2871 1354 2926 die

181 2939 405 3008 sammenhangt.
442 2939 586 2994 Demnach
606 2941 669 2995 sind
693 2941 739 2996 die
794 2943 880 2997 Alten
897 2944 970 2996 auch
989 2943 1081 2997 Sonne
1099 2943 1158 2995 und
1171 2942 1258 2996 Mond
1275 2944 1355 2998 rech·

180 3009 305 3063 Penaten
333 3010 379 3064 die
410 3009 608 3066 freundlichen
640 3011 740 3068 Gotter
793 3017 887 3068 neten.
908 3021 1108 3083 -tamqnam,
1129 3015 1204 3068 denn
1220 3015 1293 3083 falso
1310 3032 1355 3071 no·

180 3080 231 3133 des
249 3080 369 3148 Hamas,
399 3080 445 3136 die
468 3083 513 3135 fiir
541 3082 587 3137 die
614 3083 739 3154 tagliche
795 3093 895 3141 eantur
911 3092 1033 3140 errantes
1051 3087 1077 3155 (5
1088 3088 1142 3155 51).

179 3149 317 3220 Nahrung
335 3169 445 3222 sorgen.
830 3156 1046 3211 Diana-diem
1052 3158 1170 3228 efficeret.
1186 3158 1218 3211 In
1226 3156 1357 3212 derThat

216 3230 241 3278 3.
260 3229 299 3278 est
317 3225 388 3279 enim
403 3241 479 3279 omne
494 3256 527 3265 -
537 3241 635 3296 penne.
655 3226 739 3295 Verg.
795 3226 1356 3283 stammenbeideWortevonderWurnel

178 3295 247 3350 Aen.
269 3295 289 3363 Ι,
314 3302 377 3350 7032
408 3297 508 3364 quibas
537 3299 633 3352 ordine
661 3298 739 3368 longo
794 3301 841 3354 din
859 3299 904 3363 ab,
922 3299 1030 3353 welche
1045 3294 1197 3353 ‘leuchton’
1213 3300 1355 3355 bedentet.

177 3383 248 3421 cara
261 3382 365 3437 penam
383 3373 493 3422 atraere.
831 3376 873 3425 16.
892 3386 984 3424 mensa
1001 3371 1102 3438 spatia.
1127 3369 1180 3425 Die
1198 3371 1296 3424 Worte
1309 3371 1356 3424 fur

214 3445 239 3492 4.
260 3440 413 3507 penetrales
441 3457 459 3493 a
482 3440 574 3508 poetis
598 3446 738 3496 occantur.
793 3440 881 3495 Mond
909 3440 977 3495 oder
995 3441 1093 3495 Monat
1120 3441 1184 3494 sind
1217 3441 1247 3494 in
1278 3441 1355 3496 allen

178 3507 243 3562 San.
258 3509 325 3564 Oed.
341 3516 405 3564 265:
419 3512 740 3581 perrepnainroperqae
794 3511 1230 3582 indogermanischenSprachen
1245 3513 1296 3566 auf
1308 3512 1355 3568 die

174 3581 328 3646 penetrales
345 3582 417 3636 deos.
793 3583 908 3637 Wurzel
926 3583 981 3650 mei,
1001 3583 1047 3637 die
1066 3580 1190 3638 ‘messan'
1209 3584 1353 3654 bedentet,

216 3657 239 3704 7.
258 3652 298 3705 nei
317 3653 383 3720 qnia
401 3653 482 3707 solas.
512 3652 596 3707 Dieee
624 3653 738 3722 Etyma·
793 3654 1040 3708 zurfickzuftihren.
1303 3681 1308 3690 ·

178 3719 263 3788 logie,
283 3722 390 3775 welche
409 3740 465 3776 von
484 3721 657 3794 Chrysippus
676 3724 737 3777 her·
831 3732 871 3780 17.
891 3726 1030 3780 Concinne
1047 3725 1116 3779 wird
1131 3725 1355 3792 gebrauchtvon

178 3790 267 3857 rtihrt,
283 3787 426 3860 Ἀπόλλων,
446 3789 490 3847 ὅτι
508 3790 594 3862 μόνος
614 3790 672 3849 ἐστὶ
689 3793 739 3848 nai
793 3796 844 3849 der
862 3797 1094 3865 symmetrischen
1112 3795 1285 3864 Gliederung
1304 3795 1355 3851 der

179 3857 577 3936 ciplnottoifflacrohllt),
588 3865 627 3919 ist
636 3867 739 3920 bochet
792 3867 884 3934 Rede,
900 3867 963 3921 eine
974 3866 1240 3921 charalrteristisohe
1250 3867 1353 3935 Idigen-

180 3932 355 3988 wunderbar.
392 3933 448 3988 Das
463 3935 546 3988 Wort
564 3936 666 3990 istaut
678 3936 738 3991 die·
791 3937 974 3993 tiimlichkeit
987 3939 1037 3992 des
1052 3936 1137 3992 Stiles
1153 3938 1201 3991 des
1213 3937 1352 3993 Timaeus.

179 4003 257 4058 selbo
281 4004 394 4058 Wurzel
419 4005 660 4062 zurtickauftihren
684 4007 738 4061 wie
792 4008 871 4064 Brut.
890 4015 955 4063 3252
978 4026 1078 4080 genera
1099 4015 1189 4064 antem
1212 4010 1354 4064 Asiaticae

177 4073 294 4143 cti-aa,
316 4074 445 4146 σελ-ήνη.
475 4075 599 4146 Curtius,
618 4077 737 4134 Grundz.
793 4082 923 4135 dictionis
948 4082 1003 4135 dno
1029 4086 1109 4136 sunt:
1134 4097 1222 4135 annm
1247 4086 1352 4135 senten·

177 4147 205 4201 d.
219 4164 260 4216 gr.
271 4146 328 4202 Et⁶.
338 4166 365 4218 p.
377 4153 438 4204 551.
791 4153 893 4206 ticcam
909 4157 934 4207 et
960 4158 1104 4222 arpinum,
1130 4152 1271 4206 sententiis
1296 4169 1354 4207 non

215 4224 257 4273 10.
279 4219 440 4287 Lieeiferam
462 4245 490 4263 =
510 4215 633 4289 Ἄρτεμιν
661 4239 738 4290 gonc-
791 4228 848 4277 tam
870 4225 1001 4293 praeibas
1023 4228 1048 4277 et
1070 4225 1168 4278 seceris
1189 4239 1272 4292 qnam
1290 4239 1352 4278 con·

176 4285 285 4414 gdpop,
303 4288 419 4416 diabol
447 4291 503 4415 iiten
529 4288 669 4344 Griechen
695 4292 737 4346 als
792 4295 884 4418 {iim
902 4295 1076 4361 etoenastis;
1094 4295 1185 4363 qualis
1198 4295 1354 4350 inhiatoria

204 4375 218 4412 e
240 4378 257 4412 u
286 4379 336 4430 sgo
363 4380 394 4415 m
412 4379 449 4431 ga
475 4405 480 4416 .
816 4381 928 4419 amaena.

215 4435 256 4485 11.
281 4432 419 4488 Janonem
446 4433 593 4488 Lucinam.
638 4433 738 4488 Neben
829 4434 956 4490 Timaeus
983 4452 1033 4489 aus
1060 4435 1277 4491 Tauromenium
1305 4434 1357 4490 auf
