3059 4917
218 195 282 262 208
601 190 650 246 DE
669 188 824 244 NATURA
842 188 1006 245 DEORUM.
1026 197 1039 214 ’

218 360 328 420 autem
358 377 426 420 non
456 359 545 440 sunt3
582 375 624 419 ne
656 352 830 438 Nymphae
863 353 967 434 [deae]
1003 353 1133 439 quidem
1166 353 1292 439 igitur?
1348 352 1398 416 At

219 465 330 508 earum
352 443 476 527 templa
498 448 575 509 sunt
597 442 727 527 publice
749 446 828 509 vota
842 447 875 507 et
893 442 1048 508 dedicata.
1071 440 1122 506 Nc
1141 442 1241 507 ceteri
1260 442 1396 527 quidem

219 531 990 706 ἓῖἕῖῑθῖἐῃὲἓὲᾛηῗίἶῗὲἐέἓθῗζῗξῗέζ
1009 529 1255 704 oltlltll'
1270 529 1396 704 llll

218 710 310 794 deus,
335 714 368 774 et
391 710 453 794 illi,
477 710 533 795 qui
556 710 656 776 flucre
679 709 765 794 apud
788 707 911 774 inferos
934 708 1100 792 dicuntur,
1121 706 1299 792 Acheron,
1332 705 1431 773 (lo-a

219 803 327 883 cytus,
346 797 641 886 Pyriphlegethon,
664 802 735 862 tum
754 794 899 879 Charon,
921 802 993 862 tum
1012 795 1170 862 Cerberus
1194 796 1228 860 di
1245 797 1395 882 putandi.

160 898 200 948 44
218 885 265 952 At
287 887 320 951 id
344 887 474 973 quidem
497 887 741 973 repudiandum.
787 885 838 951 Ne
862 885 966 952 Orcus
995 886 1126 971 quidem
1148 885 1260 972 igitur.
1307 884 1395 962 Quid

218 976 327 1042 dicitis
356 998 434 1062 ergo
467 976 506 1041 de
536 975 717 1041 fratribus?
772 974 863 1040 Haec
895 972 1077 1041 Carneades
1107 975 1229 1060 aiebat,
1258 997 1326 1040 non
1355 980 1396 1040 ut

218 1065 295 1130 deos
319 1065 451 1130 tolleret
473 1062 567 1152 (quid
589 1065 677 1129 enim
698 1063 897 1149 philosopho
924 1064 1032 1129 minus
1061 1062 1308 1149 conveniensP),
1335 1063 1397 1128 sed

218 1158 256 1219 ut
280 1152 408 1218 Stoicos
431 1153 515 1218 nihil
538 1153 577 1218 de
601 1153 650 1219 dis
675 1153 836 1237 explicare
864 1153 1083 1239 convinceret,
1111 1153 1223 1238 itaque
1245 1153 1447 1237 insequere

218 1244 324 1308 batur.
375 1241 461 1319 Quid
493 1242 601 1307 enim?
634 1243 756 1326 aiebat,
793 1242 822 1306 si
857 1241 893 1305 hi
922 1241 1041 1308 fratres
1079 1245 1156 1306 sunt
1191 1241 1227 1305 in
1254 1263 1396 1306 numero

218 1332 365 1416 deorum,
387 1354 466 1396 num
496 1331 535 1396 de
557 1334 651 1415 patre
682 1353 795 1396 eorum
825 1328 968 1396 Saturno
996 1331 1111 1417 negari
1140 1334 1265 1414 potest,
1296 1353 1396 1415 quem

217 1421 315 1507 volgo
339 1421 478 1485 maxime
502 1420 614 1485 colunt
637 1420 678 1484 ad
701 1419 925 1484 occidentem?
949 1418 1013 1495 Qui
1035 1420 1064 1484 si
1082 1423 1134 1484 est
1152 1419 1241 1505 deus,
1263 1429 1395 1502 patrem

219 1531 347 1594 quoque
371 1510 440 1574 eius
465 1507 598 1573 Caelum
622 1531 692 1573 esse
715 1508 812 1572 deum
835 1508 1056 1573 confitendum
1079 1512 1137 1572 est.
1185 1506 1278 1583 Quod
1297 1507 1326 1572 si
1343 1507 1396 1572 ite

219 1603 281 1682 est,
306 1596 396 1662 Oceli
419 1619 547 1683 quoque
570 1601 722 1681 parentes
747 1596 780 1661 di
807 1596 949 1662 habendi
976 1601 1067 1679 sunt,
1094 1595 1220 1662 Aether
1247 1601 1281 1660 et
1302 1594 1395 1681 Dies,
1414 1620 1442 1661 ιε

218 1708 394 1771 eorumque
416 1686 534 1750 fratres
568 1691 601 1751 et
633 1707 776 1771 sorores,
807 1685 864 1772 qui
896 1709 916 1751 a
947 1686 1136 1773 genealogis
1166 1685 1310 1771 antiquis
1332 1686 1394 1764 „sic

217 1774 441 1858 nominantur,
464 1777 582 1859 Amor,
605 1773 722 1859 Dolus,
745 1775 868 1859 Metus,
891 1774 1013 1860 Labor,
1036 1774 1234 1858 Invidentia,
1261 1773 1393 1860 Fatum,

219 1861 389 1947 senectus,
413 1863 517 1948 Mors,
540 1863 719 1949 Tenebrae,
747 1863 894 1948 Miseria,
924 1861 1089 1948 Querella,
1118 1863 1246 1948 Gratia,
1277 1861 1393 1947 FrcuS,

217 1950 416 2038 Pertinacia,
439 1951 574 2037 Parcae,
597 1952 809 2038 Hesperides,
838 1951 987 2037 Somnia,
1019 1975 1102 2038 quos
1135 1974 1248 2016 omnes
1280 1951 1392 2016 Erebo

217 2046 251 2106 et
273 2040 379 2107 Nocte
405 2046 501 2106 natos
528 2041 648 2107 ferunt.
702 2040 772 2107 Aut
803 2042 906 2128 igitur
936 2040 1017 2106 haec
1047 2045 1195 2106 monstra
1222 2041 1393 2125 probanda
1411 2067 1439 2107 so

218 2135 295 2196 sunt
318 2135 375 2195 sut
397 2131 504 2214 prima
526 2131 584 2195 ills
611 2131 763 2196 tollenda.
812 2129 918 2206 Quid?
967 2129 1170 2214 Apollinem,
1200 2129 1392 2214 Volcanum,

217 2219 428 2306 Mercurium,
453 2224 577 2285 ceteros
606 2219 683 2284 deos
712 2241 784 2284 esse
811 2219 911 2303 dices,
941 2219 980 2283 de
1003 2217 1152 2303 Hercule,
1185 2218 1391 2303 Aesculapio,

158 2095 197 2160 18

159 2187 198 2236 45

253 2385 277 2430 1.
300 2392 334 2430 ne
361 2375 506 2446 Nymphae
533 2377 641 2444 quidem
665 2375 776 2446 ipitcr?
828 2374 975 2430 Verfasscr
991 2391 1049 2429 von
1062 2375 1254 2444 Genealogien
1273 2391 1324 2429 aus
1339 2375 1392 2430 der

216 2445 283 2500 Dies
302 2445 342 2500 ist
359 2445 405 2500 dic
424 2445 616 2515 regelmt'assige
636 2445 774 2515 Stellung.
829 2445 891 2500 Zeit
909 2446 959 2500 des
978 2446 1129 2514 Augustus.
1155 2447 1204 2498 Als
1219 2445 1326 2500 Kinder
1340 2446 1392 2500 der

163 2563 165 2567 ,
216 2517 282 2586 Vgl.
296 2523 311 2582 ς
325 2523 374 2571 44:
389 2516 433 2571 Ne
448 2516 535 2571 Oreas
556 2519 664 2587 quidem
677 2519 774 2587 ὁρίων.
828 2516 923 2570 Naoht
941 2517 1107 2572 erscheinen
1123 2519 1222 2572 Aetlaer
1244 2517 1303 2570 und
1321 2517 1392 2572 Dies

218 2588 300 2643 Tusa.
315 2587 335 2656 Ι,
348 2592 394 2643 88:
409 2604 544 2642 necarere
557 2589 665 2658 quadem
678 2590 774 2658 ἱρέων.
829 2590 902 2642 auch
930 2587 977 2642 bei
1002 2588 1109 2643 Hesiod
1137 2594 1202 2655 124,
1235 2588 1310 2642 denn
1337 2604 1389 2642 aus

252 2660 572 2730 2.publice—dedtcata.
592 2659 775 2730 IhrTempel,
828 2658 983 2713 Finsternis
1002 2659 1133 2713 entstand
1153 2660 1203 2713 das
1222 2658 1312 2714 Licht.

216 2730 266 2784 der
292 2730 422 2801 augleich
448 2732 491 2785 als
523 2731 628 2785 Archiv
655 2731 700 2784 fur
728 2731 774 2786 die
866 2735 908 2784 17.
927 2732 1020 2785 Amor.
1050 2729 1142 2785 Wenn
1160 2734 1245 2785 Amor
1262 2729 1327 2798 (wie
1341 2729 1391 2784 bei

217 2802 414 2857 censorischen
433 2801 586 2856 Urknnden
602 2802 707 2870 diente,
726 2802 775 2856 be·
830 2801 937 2855 Hesiod
955 2806 1008 2855 214
1033 2799 1160 2872 φιλότης)
1183 2803 1241 2854 und
1264 2801 1391 2855 nachher

215 2873 283 2927 fand
302 2874 362 2928 sich
382 2872 434 2927 auf
448 2874 512 2928 dem
531 2873 690 2928 Marsfelde.
831 2873 934 2928 Gratia
951 2872 1009 2926 und
1033 2873 1080 2926 die
1099 2873 1274 2942 Hesperidon
1296 2872 1391 2927 neben

251 2951 276 3000 3.
295 2948 354 3016 Ape
367 2961 452 3015 porro
466 2941 604 3013 ‘vl-ohlau,
623 2947 711 2999 seben
724 2944 777 2999 wir
827 2942 914 3013 jenen
932 2945 1048 2997 finstem
1066 2943 1198 2997 Machten
1220 2944 1262 2997 als
1281 2942 1390 2998 Kinder

216 3013 329 3084 weiter’,
350 3017 403 3070 wie
422 3016 501 3070 Vorr.
516 3016 549 3083 V,
561 3023 606 3081 65;
628 3023 670 3072 68.
699 3016 775 3070 Hhu-
830 3015 1391 3084 derNachtgenanntwerden,sohatman

215 3086 286 3154 figor
312 3087 471 3154 gebrauoht
501 3085 598 3141 Cicero
630 3087 661 3140 in
687 3075 775 3141 llber-
829 3087 885 3140 den
912 3084 1010 3140 Grund
1037 3087 1082 3139 fur
1109 3085 1187 3140 diesc
1215 3085 1389 3155 Genealogie

216 3161 400 3227 gengenrope
428 3157 497 3210 oder
525 3175 575 3227 ope
602 3174 692 3226 ncnc,
725 3175 776 3228 ope
829 3156 912 3210 darin
929 3175 962 3210 zu
981 3157 1095 3226 cuchen,
1115 3156 1172 3210 dall
1197 3157 1248 3211 der
1271 3157 1390 3210 Mensch

215 3244 277 3282 cero
290 3227 343 3281 mit
356 3227 593 3296 naehfolgendem
611 3229 772 3297 Imperativ‚
826 3227 880 3282 mit
907 3229 958 3284 der
989 3228 1085 3282 Nacht
1114 3228 1181 3282 teile
1210 3227 1388 3283 frcundliche

215 3297 677 3439 hllltllsslssntlnlttlll
692 3300 774 3442 sil*
827 3295 1388 3440 ill?tlttllltffltllfitstttzl·

251 3445 277 3495 4.
297 3439 384 3495 Oreos
396 3467 424 3486 =
437 3439 493 3496 Dis
506 3447 596 3510 poter,
616 3441 649 3509 11,
658 3447 701 3496 66.
828 3441 981 3512 erregonde
1007 3441 1226 3510 Vorstcllungen
1251 3440 1385 3496 verband.

252 3517 276 3566 ὅ.
309 3512 434 3566 Acheron
474 3543 508 3552 —
539 3513 774 3584 Pycpcoponon.
864 3513 1036 3567 Invidentia:
1055 3530 1087 3566 oe
1126 3515 1197 3568 'tudo
1214 3530 1248 3567 ea
1272 3513 1387 3567 alteriue

216 3581 267 3639 Od.
281 3581 315 3651 X,
324 3588 375 3638 513
386 3583 432 3652 flg.
828 3585 909 3639 retus
926 3584 1082 3654 secandis(
1108 3601 1166 3640 use.
1180 3584 1294 3653 111,21).

250 3662 275 3711 8.
297 3655 375 3710 Haec
394 3655 547 3710 Carneades
564 3656 668 3723 aiebat,
696 3657 772 3710 noch
861 3659 905 3708 20.
924 3661 1055 3721 monstra,
1074 3673 1096 3708 s.
1111 3674 1133 3708 a.
1148 3656 1224 3723 L28.

215 3726 295 3780 mehr
312 3725 495 3796 dergleichen
518 3726 566 3781 bei
590 3727 666 3783 Sext.
689 3727 770 3798 Emp.
861 3729 903 3780 22.
923 3732 1035 3792 ederes,
1053 3724 1100 3780 die
1118 3725 1239 3796 librigen
1255 3744 1313 3781 von
1330 3727 1386 3781 den

214 3796 383 3867 1x‚182flg;
829 3804 862 3852 12
881 3795 990 3865 grossen
1008 3797 1136 3864 Gottern,
1156 3797 1263 3852 welche
1277 3797 1384 3852 Ennius

252 3875 293 3922 13.
312 3869 350 3923 ad
366 3870 536 3925 occidentem.
557 3869 627 3924 Dort
645 3871 774 3925 berrecht
828 3869 871 3938 (fr.
895 3867 969 3920 XLV
992 3867 1115 3938 Vahlen)
1141 3867 1171 3922 in
1199 3868 1267 3922 zwei
1293 3869 1383 3923 Hexa-

215 3938 317 3993 Satnrn
336 3939 405 3993 fiber
419 3939 465 3993 die
479 3940 571 3994 Inseln
586 3941 636 3995 der
651 3941 772 4010 Seligen.
826 3943 935 3995 metcrn
953 3938 1188 3993 zusammenfallt:
1206 3939 1283 3994 Juno
1305 3940 1384 3994 Vecta

214 4007 612 4081 Hesioddoy.a.rlp.16‘1flg.
820 4012 955 4067 Minerva
973 4011 1050 4065 Ceres
1068 4011 1167 4064 Diona
1189 4010 1280 4066 Venor
1303 4011 1384 4065 Marc

251 4087 292 4136 15.
315 4082 414 4136 Aether
440 4089 465 4136 et
491 4082 568 4137 Dice.
612 4083 693 4138 Naoh
722 4083 772 4138 dor
829 4083 841 4155 ll
862 4083 1020 4137 Mercurius
1044 4081 1123 4136 Jocis
1146 4082 1296 4151 Neptunus
1323 4082 1382 4138 Vol·

214 4150 770 4224 gewohnlichenTradition(Hes.theog.
825 4171 912 4209 omaso
929 4154 1035 4222 Apollo.

215 4229 266 4276 126
275 4223 334 4292 fig.)
352 4223 407 4292 gilt
424 4224 466 4277 als
480 4224 586 4278 Mutter
599 4225 648 4278 des
662 4225 772 4280 Uranos
860 4227 893 4280 de
916 4225 1034 4278 Hercule
1063 4254 1096 4265 -
1118 4223 1279 4279 dubitetis?
1320 4224 1384 4292 Vgl.

213 4292 283 4371 oder
301 4291 401 4346 Caelus
420 4295 466 4348 die
484 4292 569 4348 Gaea.
597 4295 650 4348 Mit
673 4295 771 4350 Cicero
826 4295 956 4364 dagegon
974 4295 1079 4348 Balbus
1099 4295 1188 4358 Iler:
1209 4298 1262 4350 rite
1275 4296 1306 4350 di
1320 4303 1385 4351 earet

213 4362 324 4415 stimmt
351 4363 467 4417 iiberoin
489 4363 617 4432 Hyginus
636 4367 656 4432 Ι,
678 4372 701 4434 1,
722 4367 772 4420 der
825 4367 921 4421 taciti.
959 4364 1054 4420 Cicero
1074 4364 1174 4420 schloss
1193 4367 1254 4420 sich
1273 4382 1305 4420 so
1329 4382 1384 4436 eng
