3059 4917
482 283 550 340 LIB.
564 283 599 339 ΙΙ.
615 281 691 339 ΟΑΡ.
707 288 821 338 36-38.
839 289 855 350 ἕ
870 288 984 338 92-96.
1253 288 1317 354 149

140 450 233 514 locus
271 452 322 512 est
356 446 538 532 proximus,
576 447 761 531 suspexisse
797 447 976 512 videantur.
1029 446 1212 524 Praeclare,
1236 457 1371 533 ergoet

143 536 354 603 Aristoteles:
378 533 436 600 ‘Si
470 531 624 622 essent',
653 536 776 622 inquit,
804 534 888 621 ‘qui
925 537 994 601 sub
1026 539 1133 600 terra
1169 558 1318 620 semper

142 625 436 691 habitavissent
468 624 580 690 bonis
614 629 652 690 εὴ
687 625 926 691 inlustribus
962 625 1192 710 domiciliis,
1222 647 1318 709 quae

145 718 278 781 essent
301 716 439 780 ornata
453 713 578 800 signis
592 719 710 801 atque
724 714 895 798 picturis
910 714 1189 798 instructaque
1202 714 1317 778 rebus

114 804 195 868 siis
219 803 412 887 omnibus,
436 803 576 887 quibus
600 803 802 868 abundant
823 803 866 888 ii,
890 803 955 888 qui
978 803 1085 868 beati
1112 806 1318 888 putantur,

144 914 213 960 nec
236 896 365 957 tamen
389 891 565 957 exissent
596 915 776 977 umquam
808 915 924 976 supra
956 896 1114 976 terram,
1147 892 1319 976 accepis·

146 984 232 1048 sent
255 984 384 1045 autem
407 980 509 1045 fama
541 984 579 1046 et
611 981 813 1046 auditione
845 1003 929 1046 esse
962 981 1150 1066 quoddam
1179 1003 1320 1045 numen

147 1074 184 1136 et
206 1069 282 1135 vim
306 1069 475 1154 deorum,
497 1069 634 1134 deinde
657 1070 790 1154 aliquo
813 1074 987 1154 tempore
1005 1069 1223 1154 patefactis
1246 1074 1318 1134 ter-

146 1181 211 1225 rae
234 1158 413 1223 faucibus
438 1181 481 1222 ex
503 1158 587 1224 illis
612 1158 758 1224 abditis
788 1159 946 1224 sedibus
972 1159 1132 1224 evadere
1159 1159 1199 1222 in
1225 1158 1319 1224 haec

104 1270 130 1310 ro
147 1248 246 1331 loca,
270 1269 367 1332 quae
386 1269 455 1314 nos
474 1247 696 1333 incolimus,
719 1251 836 1332 atque
856 1247 1213 1331 exirepotuissent:
1237 1269 1319 1313 cum

148 1341 308 1420 repente
331 1339 475 1400 terram
498 1341 536 1401 et
559 1337 680 1401 maria
695 1338 919 1421 caelumque
940 1336 1146 1422 vidissent,
1160 1336 1319 1401 nubium

148 1424 460 1512 magnitudinem
473 1431 755 1510 ventorumque
769 1426 844 1491 vim
860 1425 1320 1512 cognovissentaspexis·

148 1519 310 1599 sentque
348 1514 469 1578 solem
501 1514 661 1599 eiusque
691 1537 774 1580 cum
804 1514 1114 1601 magnitudinem
1141 1513 1320 1598 pulchri·

148 1603 416 1688 tudinemque,
453 1607 534 1668 tum
571 1604 688 1669 etiam
731 1603 992 1668 efficientiam
1029 1603 1321 1689 cognovissent,

104 1713 131 1756 15
149 1693 249 1778 quod
272 1692 430 1757 isdiem
455 1692 640 1758 efficeret
664 1696 749 1757 toto
783 1693 889 1758 caelo
926 1694 1011 1757 luce
1043 1691 1205 1777 diffusa,
1239 1713 1321 1756 cum

148 1787 278 1847 autem
300 1785 428 1847 terras
452 1803 531 1846 nox
555 1786 776 1866 opacasset,
799 1786 880 1846 tum
908 1782 1057 1846 caelum
1085 1785 1214 1846 totum
1242 1803 1322 1851 cer-

148 1874 288 1935 nerent
311 1870 431 1934 astris
455 1870 689 1935 distinctum
718 1874 755 1936 et
783 1874 962 1935 ornatum
988 1871 1180 1955 lunaeque
1207 1869 1322 1933 lumi-

148 1980 237 2023 num
277 1958 516 2025 varietatem
556 1963 636 2024 tum
678 1959 907 2044 crescentis,
954 1962 1036 2024 tum
1077 1957 1321 2024 senescentis

151 2068 359 2132 eorumque
383 2047 553 2111 omnium
586 2053 694 2114 ortus
728 2052 768 2114 et
798 2070 959 2113 occasus
992 2052 1107 2133 atque
1143 2046 1182 2111 in
1219 2047 1322 2112 omni

104 2158 132 2199 so
151 2136 388 2203 aeternitate
424 2141 533 2202 ratos
563 2137 907 2223 immutabilesque
939 2159 1089 2222 cursus3
1122 2158 1323 2221 quaecum

150 2225 344 2312 viderent,
367 2225 548 2310 profecto
577 2232 615 2292 et
634 2249 719 2292 esse
743 2227 835 2292 deos
860 2231 898 2292 ct
926 2226 1022 2291 haec
1058 2229 1172 2290 tanta
1204 2246 1322 2308 opera
1342 2259 1384 2325 33

149 2315 306 2380 deorum
330 2337 413 2380 esse
437 2311 743 2382 arbitrarentur?
770 2315 881 2400 Atque
902 2315 984 2380 haec
1007 2315 1138 2400 quidem
1155 2314 1219 2379 ille.
1251 2311 1322 2378 Nos
1342 2350 1376 2400 95

150 2408 260 2469 autem
283 2405 435 2470 tenebras
459 2405 642 2491 cogitemus
661 2409 787 2490 tantas,
811 2409 952 2490 quantae
971 2405 1135 2488 quondam
1153 2402 1323 2489 eruptione

149 2492 372 2559 Aetnaeorum
394 2493 522 2580 ignium
544 2493 701 2559 finitimas
729 2493 879 2580 regiones
911 2492 1135 2558 obscuravisse
1162 2491 1324 2576 dicuntur,

105 2603 132 2645 rs
149 2587 187 2649 ut
209 2605 268 2667 per
286 2583 421 2647 biduum
443 2605 539 2668 nemo
563 2582 730 2647 hominem
757 2582 856 2647 homo
880 2585 1085 2668 agnosceret,
1113 2603 1187 2645 cum
1214 2584 1324 2645 autem

150 2672 250 2736 tertio
274 2671 325 2736 die
353 2672 403 2736 sol
434 2671 621 2756 inluxisset,
653 2676 725 2736 tum
761 2676 800 2735 ut
835 2671 992 2736 revixisse
1028 2670 1092 2734 sibi
1128 2669 1322 2733 viderentur.

152 2758 276 2835 Quodsi
297 2759 360 2825 hoc
382 2759 469 2824 idem
492 2783 532 2825 ex
554 2761 695 2849 aeternis
719 2759 864 2826 tenebris
894 2759 1112 2844 contingeret,
1144 2761 1181 2822 ut
1213 2755 1323 2821 subito

187 2975 212 3024 2.
231 2969 402 3036 Aristoteles,
421 2968 657 3026 vahrscheinlich
681 2969 711 3025 in
766 2969 849 3025 einen
867 2969 919 3025 Ort
937 2969 1160 3036 auszudrucken‚
1182 2967 1232 3021 wie
1263 2974 1321 3033 139,

151 3039 202 3095 der
228 3039 317 3094 sehon
344 3040 364 3107 I,
383 3045 416 3095 33
445 3039 577 3095 citierten
605 3041 711 3097 schrift
766 3048 896 3098 141=toto
911 3059 1029 3112 corpore,
1045 3039 1322 3108 Caes.b.c.III,5‚r=

149 3111 217 3182 περὶ
236 3113 413 3181 φιλοσοφίας,
765 3115 841 3168 anui
871 3130 921 3168 ora
951 3114 1094 3168 maritima
1125 3113 1236 3167 cussum
1267 3112 1321 3167 ‹lis-

187 3191 211 3238 3.
246 3184 324 3237 bouis
357 3215 389 3224 —
422 3183 577 3238 domiciliis.
614 3183 709 3239 Ablat.
759 3190 899 3254 posucrat.
913 3183 978 3254 Vgl.
991 3184 1101 3251 II,103:
1118 3184 1202 3238 isdem
1216 3184 1322 3253 spatiis.

150 3253 216 3309 loci.
244 3254 309 3323 Vgl.
333 3253 412 3310 Verr.
436 3255 470 3324 II,
492 3260 554 3310 136:
584 3257 711 3310 omuibus
802 3262 843 3310 19.
862 3257 894 3309 iu
911 3257 987 3310 omui
1004 3256 1172 3322 suauitate,
1191 3271 1212 3309 s.
1221 3259 1323 3319 z.§51.

149 3327 260 3398 oppidis
278 3341 404 3397 reputasse
420 3325 478 3380 und
494 3324 604 3380 denbei
615 3325 711 3381 Cicero
802 3333 844 3382 20.
864 3339 933 3395 quac
956 3343 1017 3381 cum
1039 3327 1174 3394 Maeui,
1197 3341 1264 3378 man
1282 3341 1324 3378 er·

149 3395 475 3466 htufigerenLocativus
495 3399 556 3452 orbi
574 3403 712 3452 terrorum
766 3400 867 3452 vastet
883 3399 958 3463 iaec,
978 3398 1015 3450 da
1032 3396 1094 3450 hier
1113 3396 1163 3451 der
1180 3396 1322 3450 Nachsatu

150 3469 241 3539 (Verr.
257 3468 303 3537 lV,
321 3475 365 3537 82,
385 3487 412 3538 p.
433 3468 503 3523 Sest.
528 3473 570 3535 66,
590 3469 625 3522 de
637 3469 710 3522 dom.
765 3467 896 3538 beginnt,
916 3468 979 3522 eine
998 3467 1197 3534 Anakoluthia
1217 3467 1264 3522 die
1277 3467 1325 3521 bei

150 3541 210 3610 24);
239 3540 310 3593 dazu
337 3540 385 3608 ΙΙΙ,
405 3546 451 3595 st:
479 3541 620 3596 solstitiali
643 3542 711 3596 orbi.
769 3540 818 3594 der
835 3540 931 3609 Linge
955 3539 1005 3594 der
1023 3538 1143 3594 Periode
1166 3537 1255 3594 leicht
1282 3556 1324 3592 er-

150 3610 178 3665 S.
187 3611 207 3679 I,
219 3615 252 3664 97
268 3628 289 3665 a.
304 3617 385 3667 terra
765 3611 888 3664 kltrlich
916 3610 962 3666 ist.
1014 3609 1111 3664 Cicero
1139 3609 1249 3679 endigt,
1283 3610 1325 3662 als

186 3682 352 3736 inlustribus
365 3678 439 3736 ‘hell
456 3677 635 3737 erleuchtet'.
766 3699 848 3736 vern
858 3699 888 3736 er
896 3681 943 3735 die
950 3680 1224 3749 Periodebegonnen
1231 3681 1324 3734 hatte:

188 3757 212 3804 ὅ.
233 3752 305 3805 beuti
330 3750 392 3804 sind
420 3751 589 3822 disjenigen,
618 3754 710 3807 denen
763 3755 901 3824 stupemus
916 3769 970 3807 esse
987 3754 1117 3819 homiues,
1135 3753 1184 3820 qui
1202 3753 1255 3804 etc.

152 3821 209 3874 alle
227 3820 322 3874 Mitte]
341 3839 375 3875 au
393 3821 501 3877 Gebote
527 3823 634 3893 slehen,
663 3842 712 3878 um
800 3831 843 3879 23.
859 3826 999 3893 eruptione
1012 3824 1195 3878 Aetnaeorum
1208 3823 1324 3891 ipuium.

152 3890 214 3945 sich
229 3891 317 3961 jeden
334 3892 464 3947 Komfort
481 3895 530 3948 des
549 3895 658 3949 Lebcns
678 3913 712 3949 zu
767 3895 843 3950 Serv.
867 3913 891 3950 z.
910 3895 994 3964 Verg.
1020 3893 1122 3961 Georg.
1141 3897 1209 3946 472:
1234 3892 1325 3946 Tanto

151 3959 555 4033 verschaffen,‘wohlhabend,
571 3962 711 4020 reich'.-
764 3964 1326 4035 fluumauutemortcmoocsariseurietuu

152 4033 212 4090 Cat.
223 4034 258 4098 ll,
267 4041 313 4089 20:
324 4036 471 4104 aedificarit
485 4041 622 4106 tamquam
631 4039 710 4092 beati.
765 4038 981 4106 moutedcfluxit,
992 4043 1024 4092 ut
1033 4053 1090 4090 uou
1100 4041 1209 4091 tautum
1218 4035 1327 4089 viciuos

151 4105 229 4162 Verr.
246 4106 292 4173 IV,
305 4113 371 4160 126:
390 4107 524 4161 Nostrum
542 4125 615 4162 uuus
638 4109 711 4177 puis·
765 4109 846 4163 urbes
856 4110 903 4165 sui
916 4110 998 4164 etium
1007 4108 1114 4177 Rispic
1131 4106 1230 4161 ciuitas
1244 4107 1324 4174 afflu-

151 4194 211 4247 que,
221 4179 334 4246 quitum
345 4178 430 4246 beuti,
447 4195 528 4246 quatu
542 4179 646 4246 istaest,
655 4197 712 4233 uou
765 4186 850 4234 taur.

152 4264 255 4317 sumu,
261 4257 317 4304 tum
323 4251 434 4304 delicati
441 4265 711 4318 esseuoupossuuus.
802 4256 845 4304 26.
864 4256 896 4305 ut
913 4250 1055 4316 revisisse,
1073 4254 1104 4304 ut
1119 4247 1168 4301 der
1182 4245 1326 4302 Deutlich·

189 4325 230 4376 15.
240 4326 295 4377 toto
309 4318 476 4376 cuclo‘tiber
486 4317 536 4374 -'.
556 4320 612 4374 Der
626 4320 712 4376 blolle
765 4321 828 4376 keit
854 4321 954 4375 halber
986 4319 1166 4386 wiederholt,
1200 4317 1253 4374 vvis
1286 4319 1327 4372 ott

152 4390 246 4446 Ablat.
275 4391 305 4445 in
331 4392 516 4462 Verbindung
547 4393 601 4446 mit
630 4399 713 4460 totus,
767 4393 840 4445 nach
859 4391 1111 4445 Zwischensatzen.

152 4463 255 4531 omuu,
279 4479 326 4516 um
354 4463 399 4518 die
427 4464 618 4534 Verbreitung
645 4464 714 4518 tiber
804 4469 847 4518 Ἡ,
865 4464 962 4518 hoc-
977 4469 1022 4531 ut,
1041 4479 1063 4518 s.
1077 4462 1191 4531 Ititz.
1208 4463 1293 4533 Quod.
