3059 4917
511 226 578 282 nis.
593 224 641 282 nr.
656 225 723 298 cap.
738 231 957 292 a-asr-rr.
1259 230 1321 294 191

147 413 211 478 qne
229 413 302 457 mea
321 391 484 457 sententia
501 390 636 454 minime
655 389 789 454 dubiam
807 390 1065 476 argumentando
1084 389 1217 454 dubiam
1232 389 1323 455 facis.

147 480 301 546 Mandavi
324 480 411 546 enim
434 479 700 544 memoriaenon
722 500 894 544 numerum
918 478 1037 564 solum,
1068 478 1124 544 sed
1148 478 1248 543 etiarn
1271 501 1322 544 or·

147 569 257 635 dinem
293 573 561 656 argumentorum
597 570 738 632 tuorum.
793 567 939 632 Primum
974 567 1052 654 fuit,
1089 590 1162 633 cum
1199 567 1324 632 caelum

148 658 419 743 suspexissemus,
456 657 571 722 statim
606 679 666 721 nos
703 656 895 743 intellegere
927 677 998 722 esse
1030 656 1163 742 aliquod
1193 678 1324 741 numen,

115 767 214 834 equo
238 747 319 812 haec
340 751 506 834 regantur.
551 745 602 810 Ex
624 744 687 810 hoe
710 745 792 810 illud
814 745 927 810 etiam:

237 849 382 957 dspice
409 871 481 936 hoc
508 867 676 936 sublime
701 870 881 956 candens,
905 893 1015 955 quem
1037 866 1222 1023 invIoeant
1245 891 1322 934 om·

1006 981 1073 1024 nes
1120 981 1234 1024 ovem.

149 1084 251 1162 Quasi
273 1107 350 1150 vero
373 1085 547 1170 quisquam
564 1087 715 1150 nostrum
733 1083 836 1149 istum
853 1083 965 1169 potius
984 1106 1083 1170 quam
1101 1081 1323 1168 Capitolinum
1343 1096 1375 1144 11

148 1176 261 1241 Iowern
279 1173 422 1258 appellet
439 1177 497 1238 aut
513 1173 577 1239 hoc
595 1173 804 1257 perspicuum
823 1172 868 1238 sit
886 1176 1078 1259 constetque
1096 1172 1184 1237 inter
1202 1194 1323 1256 omnes,

149 1286 204 1330 eos
236 1285 306 1328 esse
335 1263 426 1347 deos,
456 1285 538 1348 quos
565 1262 628 1328 tibi
651 1261 797 1328 Velleius
820 1261 980 1346 multique
1002 1265 1172 1347 praeterea
1193 1283 1235 1325 ne
1258 1260 1325 1325 ani·

103 1371 130 1411 10
149 1356 276 1418 mantes
313 1351 444 1437 quidem
480 1373 550 1417 esse
583 1351 769 1417 concedant.
825 1349 931 1416 (trave
963 1351 1063 1415 etiam
1094 1353 1324 1437 argumentum

149 1441 211 1506 tibi
234 1440 418 1525 ridebatur,
447 1441 534 1526 quod
568 1439 678 1525 opinio
702 1440 741 1504 de
764 1440 814 1504 dis
837 1439 1079 1505 immortalibus
1112 1443 1145 1504 et
1177 1439 1323 1504 omnium

149 1533 235 1594 esset
259 1534 292 1594 et
315 1528 435 1594 cotidie
460 1533 628 1595 cresceret.
678 1527 792 1594 Placet
819 1528 923 1614 igitur
951 1532 1061 1594 tantas
1089 1550 1141 1594 res
1170 1527 1322 1612 opinione

148 1619 327 1696 stultorum
345 1617 495 1703 iudicari,
526 1618 620 1684 vobis
652 1617 860 1703 praesertim,
893 1617 950 1702 qui
981 1618 1056 1683 illos
1087 1617 1220 1682 insanos
1253 1638 1323 1681 esse

147 1707 289 1772 dicatis?
334 1705 381 1771 At
405 1707 491 1772 enim
510 1711 698 1792 praesentes
716 1707 863 1772 videmus
883 1705 975 1792 deos,
997 1710 1035 1771 ut
1053 1706 1139 1791 apud
1157 1705 1323 1792 Regillum
1342 1709 1364 1776 5

102 1816 129 1857 ιο
148 1794 351 1880 Postumius,
369 1795 405 1859 in
423 1795 549 1861 Salaria
559 1795 728 1881 Vatinius3
745 1795 857 1860 nescio
876 1795 954 1880 quid
973 1795 1073 1861 etiam
1091 1796 1130 1860 de
1144 1793 1324 1860 Locrorum

150 1884 236 1967 apud
260 1883 398 1970 Sagram
420 1884 554 1968 proelio.
602 1883 692 1960 Quos
713 1884 817 1971 igitur
840 1889 878 1948 tu
900 1883 1101 1969 Tyndaridas
1125 1883 1323 1969 appellabas,

149 1971 184 2036 id
207 1976 257 2036 est
279 1971 429 2037 homines
451 1972 584 2037 homine
611 1976 722 2059 natos,
750 1977 784 2038 et
812 1995 894 2059 quos
921 1973 1099 2058 Homerus,
1127 1973 1183 2059 qui
1210 1994 1324 2038 reeens

188 2201 502 2271 1.remarpaeaentoodo
510 2201 623 2256 datium
629 2202 709 2269 facte.
765 2199 934 2256 schlielllich
950 2200 1016 2270 jone
1034 2216 1125 2256 emm
1145 2200 1323 2254 anamaehen.

150 2269 267 2326 Procius
295 2289 318 2326 z.
348 2269 419 2325 Plar.
448 2270 521 2326 Tim.
548 2289 575 2341 p.
600 2277 666 2328 ere:
694 2267 709 2327 ὁ
765 2271 884 2341 suaa

148 2339 244 2397 πάντα
255 2338 441 2397 ἀποδεικτικά
450 2340 605 2412 νενομικὼς
618 2339 709 2414 αὐτὴν
800 2344 915 2399 baanes
921 2343 1087 2399 medicatis.
1102 2342 1159 2399 (lie.
1169 2341 1324 2397 Paradlll:

149 2410 269 2484 μάλιστα
287 2410 339 2482 τὴν
358 2408 506 2480 ἀπόδειξιν
525 2408 646 2486 ἀναιρεῖ.
764 2409 808 2470 ὅτι
825 2416 882 2479 πᾶς
900 2410 1002 2484 ἄφρων
1021 2416 1160 2485 μαίνεται.
1179 2413 1237 2470 Der
1249 2414 1320 2469 Vor-

184 2490 209 2540 11.
228 2485 294 2541 boec
312 2483 404 2539 ‘diosa
422 2480 521 2540 Walt'.
763 2485 839 2540 wnrf
850 2486 900 2541 des
914 2484 1144 2542 Cottaistnicht
1157 2486 1323 2556 ungereeht-

185 2561 210 2611 6.
228 2557 328 2626 Aspice
347 2558 400 2610 etc.
438 2555 465 2612 S.
480 2574 502 2612 a.
517 2556 552 2624 II,
562 2562 587 2612 4.
763 2556 872 2628 fertigt.

186 2632 209 2681 7.
230 2627 318 2697 Quasi
334 2643 396 2682 vero
413 2628 558 2696 qaiaqwn
572 2629 626 2683 ete.
644 2627 709 2683 Dae
800 2631 892 2685 14.Ac
905 2629 987 2696 enim,
997 2627 1044 2682 ein
1054 2627 1183 2682 Itinwnrf
1190 2628 1239 2682 des
1248 2628 1324 2683 Aka-

149 2697 200 2751 der
224 2696 311 2766 grosse
336 2697 427 2752 Hanfe
454 2697 500 2752 die
524 2699 709 2769 Vorstellung
764 2698 1321 2756 demikersansdemSinnedesStoilrers.

149 2782 206 2820 von
233 2768 283 2822 der
310 2767 441 2822 Gottheit
462 2768 544 2823 nieht
570 2786 625 2826 von
653 2771 708 2826 den
800 2776 842 2825 15.
861 2772 893 2825 ia
920 2770 1041 2826 Solaria
1084 2769 1137 2824 Die
1163 2768 1325 2824 Salastralle

149 2835 267 2892 Bildern
289 2837 438 2893 derselben
458 2856 492 2893 an
509 2841 629 2896 tannen
648 2858 707 2896 wer·
762 2841 857 2896 ffihrte
877 2858 931 2896 von
944 2841 1016 2895 Rom
1034 2840 1065 2895 in
1080 2841 1130 2894 das
1145 2839 1322 2907 Sabinisch03

42 2963 49 2974 ,
148 2909 275 2977 mochte‚
303 2907 385 2963 darin
415 2910 467 2964 hat
498 2908 582 2965 Cotta
608 2912 708 2968 Recht.
763 2911 805 2966 sie
828 2913 924 2967 wurde
952 2929 983 2966 so
1010 2914 1146 2982 genennt,
1180 2911 1244 2966 weil
1276 2911 1323 2966 die

150 2978 214 3033 Dall
240 2995 269 3034 es
295 2979 363 3034 aber
389 2980 516 3036 daneben
545 2981 618 3037 wiele
643 2983 708 3054 gab,
764 2982 884 3039 Sabiner
902 2983 953 3038 auf
969 2983 1117 3038 desselben
1135 2983 1181 3036 ihr
1195 2981 1258 3038 Sala
1272 2999 1322 3036 aus

150 3049 198 3105 die
215 3049 323 3105 rainere
343 3050 475 3120 religiose
489 3051 652 3107 Vorstellnn
673 3070 709 3108 en
763 3055 819 3109 den
847 3053 962 3110 Salinen
987 3071 1042 3109 von
1070 3053 1150 3109 Ostia
1177 3073 1211 3108 au
1237 3054 1324 3110 helen

149 3121 288 3190 besallen,
321 3121 359 3176 ist
390 3122 609 3180 unaweifelhaft.
683 3125 710 3180 ie
762 3127 896 3196 pilegten.
919 3157 954 3167 -
977 3113 1053 3180 llber
1079 3125 1239 3181 Postumius
1265 3125 1323 3180 und

148 3191 270 3247 Ansicht
297 3193 347 3247 der
381 3193 518 3248 letzteren
555 3194 636 3265 gisbt
671 3195 710 3250 im
767 3197 897 3252 Vatinius
916 3215 937 3253 s.
952 3216 973 3252 a.
988 3198 1059 3265 11,e.

149 3263 339 3335 allgemeinen
371 3263 479 3320 Seneca
512 3265 618 3321 wieder
652 3270 710 3323 nat.
799 3271 832 3325 de
855 3302 888 3310 —
903 3270 1010 3339 proelio
1033 3285 1071 3323 sc.
1090 3274 1232 3324 conara.
1269 3267 1324 3323 Die

149 3338 258 3406 quaest.
277 3335 370 3406 II,46=
389 3336 435 3391 Ne
451 3337 502 3393 boe
525 3339 633 3408 quidem
656 3355 710 3394 cre·
763 3339 871 3411 Ellipse
899 3340 948 3394 des
975 3340 1127 3407 Verbums,
1159 3357 1207 3393 um
1239 3341 1322 3395 resch

148 3409 293 3476 deamat,
315 3407 423 3475 Joeem,
446 3410 552 3478 qualem
576 3409 609 3464 io
628 3409 710 3481 Gepi-
763 3410 834 3465 uber
866 3411 948 3466 einen
979 3410 1161 3480 Gegenstand
1196 3410 1321 3480 hinweg·

148 3480 214 3535 tolio
233 3485 258 3534 et
275 3480 308 3534 io
333 3481 427 3535 ceteris
451 3481 566 3536 cedebas
586 3482 710 3550 colimus,
764 3483 899 3552 angeheri,
916 3482 979 3536 dem
994 3481 1079 3537 Cotta
1090 3482 1185 3552 wenig
1193 3481 1323 3538 Gewieht

149 3551 253 3607 mittere
270 3566 356 3606 meae
373 3551 508 3620 salmace,
527 3553 573 3608 ced
586 3554 708 3621 nomem,
764 3555 866 3621 (nescio
879 3555 958 3624 quid)
977 3552 1035 3606 und
1058 3552 1322 3623 Glaubwnrdigkeit

149 3634 298 3688 pemeus,
307 3620 401 3677 Joecm
409 3623 568 3694 intellepcmt
580 3630 709 3680 rectorem
761 3623 891 3679 baimisst.

151 3690 336 3772 amomacum
359 3694 494 3762 animet,
524 3695 649 3750 animam
675 3713 709 3752 oe
800 3701 842 3751 11.
856 3697 963 3752 bomine
974 3702 1064 3765 nawa,
1078 3713 1099 3751 a.
1114 3696 1175 3764 11,e
1189 3713 1212 3752 a.
1227 3694 1323 3751 oenoe

150 3765 280 3830 operatum
297 3763 408 3831 meandi,
426 3765 610 3833 opaietaiue
622 3767 707 3822 domi-
761 3772 788 3822 et
804 3767 912 3823 Pence

149 3847 217 3884 nam
235 3833 424 3914 amineam,
447 3837 609 3892 cainonem
632 3853 709 3894 omae
797 3853 889 3893 recem
906 3839 952 3929 ab,
971 3837 1025 3907 aig.
1049 3837 1136 3892 friseh
1154 3853 1211 3892 von
1234 3837 1321 3892 etwas

149 3906 281 3958 waucort.
762 3925 805 3964 we
831 3909 885 3977 ,d.
906 3908 924 3962 i.
952 3908 1136 3964 unmittelbar
1162 3904 1257 3977 naeh',
1290 3925 1321 3964 so

185 3973 269 4029 iatam
296 4004 331 4014 -
364 3990 382 4029 a
421 3975 480 4031 ellet
515 3973 559 4031 'so
597 3994 709 4035 nennen
763 3979 781 4032 d
838 3980 898 4036 also
916 3980 1022 4036 Homer
1039 3979 1134 4050 gleieh
1151 3979 1183 4035 in
1200 3979 1247 4034 die
1261 3979 1323 4033 Zsit

149 4042 357 4115 moehte'.Vgl.
413 4045 525 4114 '1.X111‚
537 4053 586 4102 22:
602 4049 708 4120 adpar-
763 4051 837 4106 nach
874 4051 938 4106 dem
978 4050 1182 4122 Trojanisehen
1217 4049 1321 4120 Kriege

149 4119 225 4172 tace!
241 4132 319 4186 qaae
336 4118 409 4173 enim
423 4123 448 4172 te
461 4120 558 4200 petiae
571 4122 708 4190 appellem.
784 4124 874 4178 esetzt
892 4122 971 4181 wird.
1008 4124 1052 4176 An
1071 4123 1195 4178 anderen
1214 4122 1321 4177 Stellen

170 4192 209 4268 ,9.
239 4203 291 4270 eos·
309 4204 364 4245 esee
381 4189 457 4258 deoc,
481 4190 527 4244 dre
546 4189 625 4247 Welt
650 4194 708 4248 und
761 4140 837 4318 lclpt
845 4192 943 4249 Cicero
963 4194 1013 4248 der
1026 4195 1150 4249 anderen
1164 4191 1320 4261 Tradition,

149 4257 195 4312 dre
213 4257 351 4316 Geslrrne.
762 4264 870 4320 wecho
909 4264 1014 4319 Homer
1049 4282 1083 4319 au
1119 4264 1211 4320 einem
1247 4263 1320 4316 Zeit-

187 4335 227 4385 11.
247 4333 344 4388 cotidie
362 4339 494 4388 amena.
532 4332 598 4404 Vgl.
611 4335 649 4403 11,
660 4341 685 4391 1.
761 4351 901 4404 genossen
937 4336 987 4391 des
1027 4336 1174 4406 Lykurgos
1215 4335 1320 4390 macht

186 4406 229 4456 13.
247 4403 408 4473 saltarum,
430 4404 538 4460 welche
561 4405 619 4460 fast
645 4422 707 4461 aus·
760 4406 842 4461 Tuae.
855 4406 890 4475 V,
902 4413 926 4462 ’1.
