3059 4917
224 252 291 318 240
388 246 437 301 ΒΕ
455 245 609 301 NATURA
627 243 791 301 DEORUM.
814 244 882 300 LIB.
897 245 944 300 111.
959 243 1037 300 ΟΔΡ.
1051 251 1095 300 40.
1110 251 1181 315 594,
1197 252 1240 301 95.

224 412 315 496 fioes,
338 414 470 476 sanctos
494 431 564 476 esse
587 409 696 474 dicitis
717 409 972 495 diligentiusque
990 409 1106 473 urbem
1123 410 1284 497 religione
1302 435 1405 497 quam

225 499 306 584 ipsis
325 499 496 564 moenibus
516 499 663 585 cingitis3
687 520 770 583 quae
788 497 893 562 deseri
911 520 931 562 e
949 519 1010 582 me,
1028 498 1107 562 dum
1125 499 1257 584 quidem
1275 502 1402 586 spirare

170 602 206 652 95
225 592 355 673 potero,
377 586 470 653 nefas
493 587 609 653 iudioo.
655 586 739 651 Tum
758 584 870 651 Cotta:
893 585 966 673 Ego
988 609 1066 652 vero
1089 592 1123 651 el
1150 593 1229 672 opio
1248 589 1402 673 redargui

225 699 292 762 me,
314 675 431 761 Balbe,
455 681 489 742 ei
511 698 563 762 ee,
586 698 668 761 quae
691 675 870 760 disputavi,
892 675 1052 740 disserere
1073 677 1176 741 malui
1200 699 1298 761 quam
1320 678 1402 743 iudi-

226 787 299 831 oure
322 769 356 830 ei
376 764 473 831 focile
491 788 543 831 me
567 788 586 829 e
609 769 642 830 ie
664 765 751 830 vinei
774 786 872 848 posse
894 768 984 829 serio
1007 765 1085 830 seio.
1131 763 1269 851 Quippe,
1291 767 1434 852 inquits

225 853 380 940 Velleius,
404 855 460 939 qui
484 855 584 920 etiem
607 853 735 918 somnia
757 857 852 937 putei
875 853 916 917 ad
938 875 998 918 nos
1022 853 1114 918 mitti
1135 854 1177 918 ab
1200 854 1292 941 Iove,
1316 879 1398 941 quae

224 945 297 1028 ipse
319 948 431 1009 iumen
447 948 518 1008 iem
535 943 620 1009 levio
637 965 705 1007 non
723 946 809 1027 sunl,
833 964 931 1027 quem
949 946 1001 1006 est
1020 940 1207 1008 Stoicorum
1225 944 1399 1010 denatura

225 1033 360 1097 deorum
384 1033 499 1098 oratio.
544 1030 634 1096 Haeo
658 1054 732 1096 oum
759 1035 870 1096 essent
901 1031 1001 1115 diois,
1031 1031 1080 1095 iia
1109 1031 1332 1118 discessimus,
1360 1039 1398 1098 ut

225 1121 352 1186 Velleio
364 1119 480 1187 Cottae
504 1121 684 1205 disputatio
703 1120 820 1204 verior,
842 1118 924 1184 mihi
942 1118 1040 1185 Balbi
1058 1120 1100 1185 ud
1116 1121 1267 1186 veriiaiis
1286 1122 1399 1188 simili-

224 1210 372 1275 tudinem
395 1211 560 1276 videretur
582 1232 653 1275 esse
675 1209 877 1293 propensior.
1418 1232 1444 1271 io

261 1444 285 1492 1.
321 1444 430 1494 moetos
473 1454 528 1493 esse
568 1437 669 1492 dicitis.
730 1435 785 1490 Die
839 1437 975 1504 iudicare,
994 1434 1041 1489 ein
1055 1435 1228 1506 endgilliges
1242 1436 1334 1491 Urteil
1348 1439 1398 1493 ub·

224 1508 341 1562 Mauern
359 1508 475 1575 sowohl,
495 1507 593 1562 elsdie
604 1506 786 1578 genzeStadt
838 1508 938 1577 geben.

224 1579 325 1633 hutten
344 1580 433 1633 durch
451 1580 498 1634 die
518 1578 719 1648 inauguralion
737 1579 785 1633 die
875 1584 899 1632 5.
938 1579 1045 1649 Quippe
1062 1595 1101 1632 so.
1119 1579 1204 1646 focile
1220 1581 1256 1635 ab
1280 1596 1310 1635 eo
1337 1581 1397 1636 oiu-

223 1650 356 1715 religiose
393 1649 495 1705 Weihe
541 1650 676 1704 ethellen.
731 1649 784 1704 Die
838 1651 908 1704 orris
925 1645 1100 1718 ‘notiirlieh',
1119 1649 1253 1706 ironisoh.
1288 1651 1355 1720 Vgl.
1370 1669 1397 1721 p,

225 1721 405 1775 Stedtmeuer
424 1739 458 1774 zu
476 1721 625 1788 verletzen,
645 1720 708 1789 gall
721 1721 784 1774 des·
838 1721 908 1775 Mur.
929 1727 975 1775 74:
994 1720 1071 1791 Ergo
1090 1721 1128 1775 od
1146 1738 1240 1776 cenom
1255 1723 1399 1791 petitionis

223 1791 291 1845 halb
320 1793 365 1844 fiir
392 1791 439 1845 ein
466 1791 663 1859 Sekrilegium.
710 1792 784 1846 Plus.
839 1808 924 1846 muso
942 1792 968 1846 si
984 1793 1047 1861 puis
1069 1798 1159 1859 vocat,
1185 1792 1399 1848 moneatur?

224 1862 304 1916 Rom.
320 1869 363 1917 ll:
384 1857 463 1916 ἅπαν
482 1859 514 1917 τὸ
535 1870 627 1932 τεῖχος
645 1859 733 1932 ἱερὸν.
839 1863 958 1933 Queppe,
986 1864 1087 1932 iuquit,
1113 1869 1145 1917 tu
1169 1865 1238 1918 muli
1261 1880 1398 1919 sommum

260 1940 285 1988 3.
304 1940 366 2004 opto
384 1935 522 2006 redorpoi.
560 1935 629 2004 Opto
647 1935 701 1989 mil
718 1935 784 1990 dem
837 1936 983 2003 imperium
1003 1941 1083 2003 petas
1110 1935 1235 2002 fovendis
1257 1937 1399 1991 hominum

224 2004 302 2058 lnfin.
340 2007 411 2060 slsis
445 2013 478 2060 ut
517 2005 607 2060 findel
642 2005 703 2060 sich
735 2006 784 2061 bei
836 2007 961 2061 mnibus
991 2013 1017 2060 et
1047 2007 1216 2060 dekuiasdis
1241 2008 1346 2061 animis
1373 2013 1400 2062 ct

224 2074 322 2130 Gieero
345 2095 398 2131 nur
422 2077 497 2131 noch
515 2077 552 2130 od
570 2076 635 2133 fam.
651 2077 685 2146 X,
706 2084 750 2146 20,
770 2093 783 2132 s
836 2077 999 2132 adholendis
1016 2078 1210 2146 uoluptatibus.

223 2149 280 2200 und
301 2148 336 2202 de
356 2149 514 2216 orel.l‚87.
873 2154 897 2202 9.
926 2149 995 2203 mulsi
1023 2180 1054 2187 ω
1080 2149 1254 2218 propensior,
1282 2165 1303 2204 s.
1322 2147 1400 2204 Einl.

240 2219 782 2289 4.disserere,seineAnsiohtvortregen,
836 2223 909 2284 §12-
