3059 4917
465 268 530 323 LlB.
548 271 582 324 ll.
604 269 681 325 CAP.
697 277 811 326 52-54.
830 276 845 336 ξ
860 277 940 325 130-
951 277 1009 328 134.
1266 275 1329 340 169

155 433 274 499 scendi.
338 431 391 497 Sic
421 433 563 517 undique
597 433 689 498 omni
704 507 706 510 ¹
722 433 850 498 ratione
879 433 1083 499 concluditur
1115 438 1225 498 mente
1255 456 1328 499 con·

155 523 294 607 silioque
318 521 427 585 divino
451 523 561 586 omnia
583 522 619 586 in
641 522 704 587 hoc
726 522 848 586 mundo
867 523 907 587 ad
931 522 1071 587 salutem
1086 522 1231 586 omniurn
1255 545 1329 587 con·

156 611 436 695 servationemque
459 611 696 676 admirabiliter
718 611 951 676 administrari.

243 699 307 763 Hic
339 704 474 783 quaeret
501 700 676 785 quispiam,
709 700 878 765 cuiusnam
908 721 1006 764 causa
1028 703 1196 766 tantarum
1219 713 1395 765 rerum133

124 787 283 852 smolitio
312 787 401 852 facta
424 787 481 873 sit3
514 790 710 853 arborumne
733 793 767 853 et
788 788 987 853 herbarum?
1024 811 1106 872 quae
1130 812 1328 875 quamquam

155 877 225 941 sine
253 899 351 941 sensu
378 881 468 961 sunt,
495 881 606 942 tamen
632 900 652 941 a
673 882 793 941 natura
815 878 1026 942 sustinentur.
1072 876 1118 941 At
1140 878 1174 941 id
1197 879 1328 962 quidem

156 965 332 1030 absurdum
365 970 424 1029 est.
469 965 523 1030 An
549 965 751 1031 bestiarum?
797 965 911 1030 Nihilo
934 965 1136 1050 probabilius
1160 967 1237 1031 deos
1261 990 1329 1030 mu-

155 1059 264 1118 tarum
292 1058 326 1119 et
351 1053 436 1118 nihil
463 1054 725 1140 intellegentiam
747 1077 844 1119 causa
867 1059 997 1118 tantum
1021 1054 1194 1120 laborasse.
1241 1054 1327 1130 Quo-

155 1165 228 1206 rum
251 1142 354 1228 igitar
377 1164 474 1207 causa
497 1143 570 1227 quis
594 1143 712 1207 dixerit
731 1143 882 1207 effectum
901 1165 971 1207 esse
989 1143 1168 1207 mimdum‘?
1204 1142 1328 1208 Eorum

111 1251 138 1290 ro
157 1231 282 1296 scilicet
313 1225 542 1316 animantium,
574 1254 656 1318 quae
688 1232 815 1297 ratione
846 1236 992 1296 utuntur.
1044 1231 1089 1295 Hi
1122 1237 1199 1296 sunt
1231 1233 1264 1296 di
1296 1237 1329 1298 et

155 1318 318 1404 homines,
350 1320 468 1404 quibus
500 1319 647 1404 profecto
678 1320 762 1384 nihil
793 1326 843 1385 est
872 1320 1002 1405 melius3
1038 1321 1122 1385 ratio
1153 1326 1204 1386 est
1233 1322 1329 1406 enim,

157 1430 239 1493 quae
261 1409 590 1492 praestet·omnibus.
637 1411 688 1473 lta
711 1409 749 1472 fit
773 1409 926 1473 credibile
948 1409 1083 1474 deorum
1106 1413 1139 1473 et
1158 1409 1329 1474 hominum

157 1519 254 1562 cansa
281 1496 405 1562 factum
434 1519 504 1562 esse
527 1498 683 1562 mundum
707 1519 854 1582 quaeque
877 1499 911 1561 in
935 1520 972 1562 eo
998 1499 1145 1579 [mundo]
1169 1499 1237 1564 sint
1260 1521 1328 1563 orn·

155 1585 219 1650 nia.
268 1584 473 1670 Faciliusque
505 1586 716 1672 intellegetur
747 1610 767 1651 a
800 1586 849 1651 dis
876 1587 1117 1651 immortalibus
1140 1586 1328 1652 hominibus
1348 1587 1392 1652 54

111 1694 137 1734 15
156 1696 227 1739 esse
249 1675 430 1759 provisum,
454 1674 483 1739 si
506 1676 568 1739 erit
587 1679 659 1740 tota
676 1675 821 1740 hominis
838 1675 1012 1740 fabricatio
1026 1681 1197 1759 perspecta
1212 1677 1330 1741 omnis·

156 1785 219 1847 que
248 1763 409 1828 humanae
437 1767 574 1828 naturae
604 1764 710 1850 figura
733 1768 830 1848 atque
853 1763 1020 1848 perfectio.
1066 1765 1152 1828 Nam
1176 1787 1250 1828 cum
1273 1765 1398 1828 tri-134

156 1851 217 1916 bus
249 1852 346 1916 rebus
374 1851 590 1916 animantium
613 1853 682 1918 vita
705 1857 869 1936 teneatur,
902 1853 989 1936 cibo,
1022 1853 1170 1938 potione,
1202 1854 1330 1938 spiritu,

157 1939 300 2004 adhaec
324 1940 432 2004 omnia
454 1940 661 2024 percipienda
685 1963 720 2005 os
745 1946 796 2006 est
819 1941 1040 2026 aptissimum,
1064 1943 1149 2026 quod
1168 1942 1329 2006 adiunctis

157 2027 290 2091 naribus
320 2028 440 2111 spiritu
469 2033 615 2114 augetur.
669 2030 828 2094 Dentibus
852 2034 962 2094 autern
989 2030 1025 2093 in
1052 2052 1107 2094 ore
1131 2032 1329 2095 constructis

113 2135 140 2174 ao
158 2115 323 2180 manditur
355 2121 453 2201 atque
486 2121 680 2182 extenuatur
712 2119 752 2183 ab
780 2119 822 2183 iis
846 2123 880 2182 et
902 2118 1037 2183 molitur
1060 2118 1161 2184 cibus.
1205 2118 1330 2183 Eorum

158 2204 285 2268 adversi
299 2274 301 2279 .
317 2208 404 2268 acuti
437 2227 548 2270 morsa
571 2206 719 2271 dividunt
743 2229 847 2290 escas,
878 2207 988 2271 intimi
1011 2211 1121 2271 satem
1145 2208 1331 2291 conficiunt,

158 2292 215 2376 qai
238 2292 371 2378 genuini
393 2297 564 2379 vocantur,
593 2317 675 2379 quae
698 2295 860 2361 confectio
884 2296 984 2360 ctiam
1006 2319 1026 2360 a
1048 2295 1162 2382 lingua
1184 2297 1332 2361 adiuvari

193 2525 372 2586 §133—167.
391 2524 519 2576 Vierter
532 2525 712 2587 Hauptteil.
807 2529 848 2578 11.
868 2529 993 2579 terreatur
1006 2550 1033 2570 =
1046 2526 1207 2592 retineatur,
1226 2541 1332 2580 caasa·

155 2594 217 2645 Die
253 2594 433 2646 besondere
464 2596 625 2659 Ffirsorgc
657 2597 715 2648 der
768 2603 857 2662 vaur,
877 2594 929 2647 wie
949 2595 982 2663 ΙΙ,
998 2601 1040 2650 31.

158 2665 306 2716 Gottheit
341 2665 394 2716 fur
436 2666 488 2718 die
528 2668 714 2719 Menschen.
806 2672 849 2720 19.
867 2672 983 2736 aaqetra
1002 2664 1086 2719 ‘wird
1107 2665 1246 2721 reichlich
1268 2684 1329 2721 ver-

157 2732 318 2788 Dieselbe
345 2734 429 2788 wird
461 2736 628 2789 zuntchst
658 2736 714 2790 be·
770 2737 857 2790 sehen
893 2735 958 2805 mit,
990 2735 1092 2791 nimmt
1132 2737 1270 2791 reichlich
1300 2737 1332 2791 in

158 2802 283 2857 wiesen
306 2820 364 2858 aus
390 2806 464 2858 dem
488 2806 715 2861 kunstvollen
770 2807 831 2861 sich
849 2803 921 2863 auf’.

157 2873 226 2927 Bau
252 2873 365 2928 seinos
389 2876 538 2945 Kdrpers
566 2878 632 2930 und
657 2878 716 2931 der
806 2878 1332 2944 Dentrem-cammatadernblat.

157 2943 716 3017 Trefflichlreitseincrgeistigen
770 2949 1331 3020 absobgleichdasSubjektimHaupt-

158 3016 321 3084 Anlagen.
358 3023 537 3081 slat-153.
771 3023 846 3074 satae
865 3019 969 3073 wieder
991 3020 1158 3075 vorkommt.
1189 3020 1335 3090 Beispiele

770 3092 846 3145 eines
861 3091 975 3145 solchen
987 3090 1165 3146 Gebrauches
1176 3091 1225 3146 des
1235 3093 1331 3148 Ablat.

770 3162 830 3216 abs.
838 3162 933 3215 finden
954 3161 1016 3216 sich
1029 3161 1076 3217 bei
1086 3162 1183 3218 Cicero
1194 3164 1334 3233 mehrere⁷

770 3249 853 3286 wenn
884 3234 934 3286 der
961 3234 1056 3287 Inhalt
1083 3235 1132 3289 des
1155 3235 1330 3304 Partiaipial·

193 3305 218 3355 8.
242 3305 351 3355 tantm
373 3302 510 3356 laborasse
537 3301 610 3356 trifft
635 3302 717 3357 nicht
771 3304 1332 3375 satzesnachdrucklichhervorgehoben

157 3370 204 3426 die
236 3372 330 3426 wahre
362 3371 483 3426 Ansicht
514 3372 564 3427 der
597 3373 716 3431 Stciker.
771 3375 884 3428 werden
899 3375 960 3443 roll,
975 3375 1029 3430 wie
1043 3375 1116 3440 hier,
1135 3393 1179 3431 wo
1193 3377 1265 3430 nach
1280 3379 1333 3431 der

156 3441 221 3510 vgl.
236 3443 256 3510 I,
267 3449 309 3509 22,
329 3442 362 3508 ΙΙ,
375 3449 408 3498 59
428 3443 484 3496 und
501 3444 547 3512 ΙΙΙ,
562 3451 609 3499 92:
629 3446 718 3500 dicere
771 3446 952 3516 Erwthnung
979 3447 1028 3499 des
1061 3447 1179 3502 Mundes
1212 3447 1252 3501 im
1278 3449 1330 3501 all·

157 3515 247 3568 soletis
265 3515 337 3568 aibat
355 3530 418 3581 esse,
437 3515 509 3583 qaod
527 3516 593 3571 deas
617 3517 717 3585 efficere
770 3517 920 3586 gemeinen
944 3517 995 3570 aas
1015 3516 1061 3572 dic
1085 3517 1230 3573 einzelnen
1252 3519 1333 3575 Teile

157 3587 458 3654 aoapoerttetqatdem
472 3587 531 3641 atae
547 3588 636 3642 labore
650 3589 715 3642 atto.
771 3587 919 3642 desselben
941 3589 1160 3658 tibergegangen
1184 3590 1261 3644 wird.
1301 3592 1332 3645 Ρ,

195 3694 236 3744 10.
255 3689 298 3755 di,
323 3689 367 3744 die
395 3689 481 3760 west,
510 3691 555 3746 die
584 3692 714 3748 Gestime
771 3658 842 3713 Sest.
862 3665 909 3713 54:
936 3661 1059 3728 spirante
1084 3664 1165 3715 ettam
1189 3663 1331 3729 republica

17 3837 65 3892 ,ι
157 3751 716 3897 tererestereres
900 3732 1387 3870 d·

770 3889 873 3926 meerrm
904 3879 1031 3942 praetore
1066 3890 1115 3927 me.
1165 3873 1230 3941 Vgl.
1265 3880 1331 3927 1432

194 3128 218 3176 6.
229 3139 247 3176 a
256 3128 369 3190 actara,
378 3122 441 3177 hier
450 3122 480 3176 in
492 3124 556 3178 dem
564 3124 716 3195 speciellen

158 3192 244 3247 Sinne
263 3210 317 3248 von
336 3191 427 3262 φύσις.
448 3194 474 3248 S.
489 3202 520 3261 ἐξ
535 3203 569 3251 33
585 3214 610 3251 u.
625 3202 669 3251 82.

195 3922 236 3972 12.
250 3919 546 3976 omnibus-omnibus
558 3924 647 3992 retae,
661 3923 716 3979 wie
771 3958 864 3997 ,omno
882 3945 1076 3999 emmim

156 3987 246 4056 1136.
445 4062 450 4075 ,
689 4064 695 4077 ,
808 4018 851 4069 21.
874 4015 983 4069 adversi
1005 4031 1043 4070 sc.
1067 4015 1165 4070 dentes.
1207 4011 1270 4068 Deli
1297 4033 1330 4069 aa

192 4061 303 4140 ‘²0⁰th
326 4067 351 4115 el
376 4061 517 4143 'mmmm
544 4079 642 4146 ‘lamp
670 4082 717 4120 ⁰¹11
771 4083 879 4139 diesem
902 4084 1011 4155 Begrriff
1032 4086 1106 4140 noch
1131 4084 1177 4139 ein
1202 4085 1332 4140 Attribut

156 4130 309 4200 stllssssmffln
350 4131 535 4187 verbfelleler
580 4136 717 4190 flwffissher
770 4155 846 4223 tritt,
874 4156 912 4210 ist
943 4156 1047 4211 ebenso
1079 4155 1173 4226 wcnig
1199 4155 1331 4226 auffallig

156 4202 297 4257 neumate.
334 4203 361 4258 S·
376 4209 392 4270 t
409 4210 468 4258 ¹⁵4·
770 4226 824 4280 wie
847 4227 899 4295 ΙΙΙ,
914 4233 961 4281 aa:
988 4234 1063 4282 atas
1089 4229 1176 4283 brais
1195 4235 1220 4283 er
1246 4236 1330 4282 aecta

193 4297 236 4346 15.
267 4292 417 4359 fabricatio
444 4289 657 4364 ‘Organismus'‚
686 4295 716 4350 in
770 4299 916 4353 mactatio.
941 4299 1022 4353 Taso.
1038 4299 1072 4365 V,
1088 4305 1136 4353 61:
1147 4300 1331 4369 pulcherrimo

157 4360 320 4417 demselbcn
338 4364 425 4419 Sinna
439 4365 524 4420 Acad.
539 4365 574 4434 ΙΙ,
585 4372 633 4421 86:
652 4384 716 4422 core-
770 4371 861 4423 testati
878 4370 1016 4439 rtraqata·
1033 4369 1104 4424 Verr
1126 4371 1173 4437 IV,
1184 4376 1231 4425 81:
1245 4371 1330 4425 aare·

155 4435 278 4489 stractio.
770 4441 854 4494 attae
871 4442 949 4496 aava
966 4441 1121 4496 industriis.
