3059 4917
203 242 246 310 60
584 237 633 291 DE
652 237 805 292 NATURA
823 236 989 293 DEORUM.

202 418 263 468 res
286 401 443 467 ridetur
466 396 694 468 obscurior'.
732 398 795 467 Sed
814 400 1014 467 Simonidem
1033 403 1177 469 arbitror
1195 401 1276 491 (non
1290 406 1378 471 enim

202 495 301 577 polita
324 491 431 557 solum
455 490 577 577 suavis,
599 512 711 556 rerum
735 490 836 556 etiarn
859 491 1026 576 ceteroqui
1049 492 1164 557 doctus
1184 494 1378 581 sapiensque

202 576 367 666 traditur),
390 580 467 665 quia
489 581 594 645 multa
615 580 765 645 venirent
783 580 819 644 in
837 584 980 646 mentem
998 584 1095 646 acuta
1117 586 1216 667 atque
1235 584 1378 669 subtilia,

203 669 421 754 dubitantem,
445 669 523 755 quid
546 691 659 735 eorum
682 672 770 735 esset
787 669 1008 756 verissimum,
1036 670 1225 755 desperasse
1248 694 1379 738 omnem

151 772 183 821 61
202 758 384 824 veritatem.
429 757 592 842 Epicurus
617 780 694 824 vero
723 762 799 823 tuus
828 755 919 845 (nam
938 781 1012 824 curn
1030 759 1088 825 illo
1107 760 1194 826 malo
1218 761 1409 827 dissereret

204 851 301 933 quarn
315 844 437 933 tecum)
462 846 540 931 quid
562 846 656 932 dicit,
680 848 767 932 quod
789 869 858 914 non
888 848 986 913 modo
1009 848 1219 934 philosophia
1242 850 1377 937 dignum
1515 870 1527 920 t

203 940 302 1021 esset,
332 934 388 1001 sed
419 935 575 1001 mediocri
596 935 792 1020 prudentia?

294 1057 468 1135 Quaeritur
490 1060 633 1145 primum
655 1061 692 1125 in
714 1083 752 1125 ea
775 1060 980 1147 quaestione,
1007 1084 1090 1148 quae
1118 1067 1168 1128 est
1196 1063 1234 1128 de
1261 1066 1380 1129 natura
1460 1114 1463 1117 .

204 1150 352 1234 deorum,
375 1150 483 1215 sintne
507 1149 540 1214 di
562 1171 664 1215 necne
688 1149 763 1215 sint.
810 1149 954 1215 Difficile
977 1155 1029 1217 est
1050 1173 1180 1238 negare.
1218 1148 1331 1238 Orode,
1350 1153 1379 1219 si
1521 1160 1526 1171 '

203 1239 239 1303 in
262 1238 414 1304 contione
443 1242 632 1325 quaeratur,
664 1239 720 1304 sed
747 1238 783 1303 in
810 1238 907 1305 huius
939 1239 1029 1305 modi
1061 1263 1211 1306 sermone
1243 1246 1277 1307 et
1307 1263 1380 1307 con·
1398 1262 1425 1304 10

204 1350 297 1394 sessu
323 1326 525 1393 facillimum.
572 1328 687 1413 ltaque
717 1349 779 1414 ego
802 1328 873 1413 ipse
895 1328 1057 1415 pontifex,
1080 1330 1138 1415 qui
1167 1330 1379 1396 caerimonias

203 1416 444 1503 religionesque
467 1416 614 1501 publicas
643 1416 849 1483 sanctissime
881 1419 1018 1483 tuendas
1056 1418 1214 1505 arbitror,
1247 1420 1276 1484 is
1307 1418 1380 1504 hoc,

205 1506 292 1591 quod
314 1505 456 1591 primunr
481 1510 544 1591 est,
572 1528 642 1571 csse
674 1506 766 1591 deos,
796 1505 986 1592 persuaderi
1014 1507 1097 1572 mihi
1127 1530 1195 1573 non
1227 1507 1378 1591 opinione

190 1596 325 1678 solum,
349 1594 405 1659 sed
423 1593 522 1659 etiam
542 1594 582 1660 ad
600 1594 774 1660 veritatem
787 1595 883 1679 plane
896 1595 1003 1661 velim
1045 1595 1150 1661 Multa
1164 1595 1250 1662 enim
1270 1617 1378 1661 occur·

204 1688 295 1769 runt,
341 1705 424 1768 quae
470 1684 679 1769 conturbent,
729 1688 768 1749 ut
807 1684 973 1749 interdum
1017 1685 1100 1750 nulli
1141 1707 1212 1750 esse
1252 1684 1425 1750 videon-1⁶

152 1784 186 1835 62
206 1775 269 1837 tur.
316 1770 379 1838 Sed
401 1772 487 1857 vide,
510 1795 609 1858 quam
632 1776 739 1838 tecum
758 1794 855 1859 agam
878 1773 1071 1860 liberaliter,
1090 1796 1172 1860 quae
1196 1773 1380 1839 communia

206 1865 284 1926 sunt
297 1860 390 1926 robis
411 1883 484 1925 cum
499 1862 615 1927 ceteris
629 1861 850 1947 philosophis,
863 1883 931 1927 non
945 1862 1120 1950 attingam,
1134 1867 1172 1927 ut
1185 1862 1248 1929 hoc
1257 1863 1379 1948 ipsum,

205 1950 314 2035 placet
344 1950 431 2015 enim
461 1950 611 2016 omnibus
641 1949 709 2016 fere
740 1950 886 2036 mihique
912 1951 978 2035 ipsi
1004 1952 1040 2016 in
1062 1952 1176 2037 primis
1199 1952 1276 2018 deos
1300 1974 1379 2017 esse.

205 2039 322 2124 Itaque
344 2061 412 2105 non
434 2061 560 2128 pugno,
592 2039 754 2106 rationem
778 2045 889 2106 tamen
912 2063 997 2126 eam,
1021 2064 1146 2127 quaea
1169 2045 1202 2107 te
1226 2041 1380 2127 adfertur,

242 2362 266 2411 3.
276 2357 400 2412 traditor
416 2372 454 2411 sc.
467 2357 561 2425 faiam
576 2353 767 2425 Dergleichen
819 2358 869 2413 tce
882 2359 959 2425 doce,
974 2358 1079 2413 doleam
1087 2374 1170 2413 necte
1178 2358 1297 2427 doleam,
1310 2358 1382 2413 auc

205 2425 333 2496 Ellipsen
366 2428 417 2482 der
448 2425 681 2482 Infinitivformen
709 2443 767 2483 von
820 2430 953 2484 interesse.

205 2514 267 2553 sam
277 2496 340 2551 sind
349 2496 397 2553 bei
407 2495 512 2567 Cicero,
523 2514 579 2552 ron
591 2497 768 2554 denBriefen
859 2506 899 2556 10.
918 2504 951 2554 ia
969 2500 1100 2556 motione.
1128 2499 1194 2571 Vgl
1216 2500 1252 2555 de
1271 2498 1329 2555 div.
1345 2499 1380 2569 II,

206 2568 379 2639 abgesehcn,
413 2567 544 2623 aiemlich
577 2570 675 2624 seiten.
722 2570 768 2624 An
821 2575 870 2627 28:
886 2572 1056 2639 solicismus,
1069 2572 1382 2641 iiceicemmiaquirere

206 2655 321 2695 unserer
347 2638 435 2695 Stella
461 2638 500 2694 ist
526 2638 651 2696 dieselbe
678 2640 768 2695 durch
821 2644 881 2697 siae
899 2643 1008 2697 incidie
1024 2642 1062 2712 (d.
1074 2642 1101 2697 h.
1117 2642 1191 2698 ohne
1205 2641 1235 2696 in
1250 2641 1381 2696 denVer·

207 2712 257 2766 das
277 2710 396 2767 Streben
418 2710 492 2766 nach
509 2710 600 2766 Kiirae
618 2711 769 2767 innerhalb
823 2712 1381 2784 dachtderGottlosigkeitauhommen),

206 2783 257 2837 der
275 2782 446 2838 Parenthese
464 2780 621 2839 veranlalit.
820 2785 1090 2854 mihipraeseriimde
1113 2785 1381 2854 laaqaedacitanu.

243 2860 267 2909 6.
295 2872 353 2911 acc
381 2856 461 2911 modo
486 2886 519 2896 —
546 2856 593 2910 aed
623 2852 683 2908 ‘ich
706 2855 767 2909 will
858 2862 899 2911 11.
909 2858 1049 2938 pontisas.
1108 2873 1138 2910 as
1157 2857 1213 2911 seit
1231 2855 1311 2911 Sulla
1329 2872 1379 2909 aus

205 2924 287 2981 nicht
312 2942 412 2996 sagon,
440 2926 563 2980 sondern
590 2926 664 2980 auch
690 2922 765 2983 nur’.
822 2933 855 2982 lt
877 2926 1060 2997 Mrtgliedern
1086 2926 1260 2983 bestehendc
1286 2926 1381 2981 Kolle·

205 2996 305 3051 Dieses
319 2993 406 3051 ‘auch
424 2993 488 3050 nur’
507 2996 579 3051 vird
596 3014 653 3051 ron
667 2996 765 3053 Cicero
820 2998 898 3069 gium
916 2999 968 3053 der
981 2999 1126 3122 pcaiqtcee
1140 2999 1220 3054 hatte
1235 2998 1281 3053 dic
1296 2997 1382 3053 Obor-

206 3066 254 3122 bei
281 3084 339 3123 coa
363 3069 442 3123 modo
467 3098 502 3109 -
526 3070 573 3123 sed
600 3069 672 3123 auch
691 3069 765 3123 noch
820 3069 945 3123 aufsicht
963 3070 1034 3125 fiber
1072 3086 1107 3123 en
1126 3068 1310 3124 dffentlichen
1323 3068 1382 3122 und

206 3138 359 3194 besonders
383 3138 585 3209 ausgedrlickt‚
610 3140 668 3193 und
691 3157 765 3195 zuar
819 3140 952 3211 privates
979 3139 1184 3195 Gottesdienst.
1224 3139 1287 3193 Den
1310 3139 1381 3194 Vor-

207 3209 352 3264 entweder
366 3208 455 3263 durch
465 3210 586 3279 omnino,
599 3210 654 3264 wie
664 3210 711 3281 lII,
722 3217 765 3281 41,
822 3210 875 3265 sita
896 3211 936 3265 im
949 3210 1113 3279 Kollegium
1130 3210 1226 3265 ffihrte
1244 3209 1295 3263 der
1308 3226 1380 3279 poic-

206 3299 235 3351 p.
250 3279 361 3346 Quinct.
379 3286 412 3336 ⁷7
421 3302 427 3333 ε
453 3281 523 3335 mati
540 3282 706 3351 perdifficile
729 3290 768 3339 est
821 3283 891 3351 tifex
908 3283 1054 3336 mocimus.

207 3358 303 3409 conec
312 3353 379 3408 tales
387 3355 654 3409 cameracencis
660 3359 768 3410 tentam
857 3359 899 3407 12.
919 3355 944 3406 ie
958 3348 1029 3405 ‘ich'
1044 3350 1146 3405 nimmt
1159 3352 1233 3406 nach
1248 3350 1313 3405 dem
1326 3350 1381 3405 Re-

207 3424 768 3494 mommorenciacensem
820 3422 967 3479 lativsatee
976 3423 1027 3477 das
1057 3421 1382 3477 ersbnlichePronomen

205 3495 295 3563 facere
317 3496 427 3564 emori,
451 3495 519 3549 oder
537 3496 659 3550 seltener
677 3497 768 3551 durch
820 3494 927 3550 wieder
940 3493 996 3548 auf.
1051 3492 1147 3563 eimp.
1163 3492 1210 3548 Cn.
1220 3493 1318 3564 Pomp.
1333 3498 1380 3548 552

207 3566 298 3634 eiiam
311 3565 365 3621 wie
378 3585 407 3637 p.
417 3566 508 3623 Deiot.
521 3572 567 3622 15:
581 3573 659 3623 tucio
672 3569 768 3623 sceiere
820 3566 890 3636 Noe,
904 3582 1020 3636 qaorum
1032 3566 1149 3621 maiores
1161 3566 1328 3621 Antiochum
1340 3581 1381 3620 re·

206 3654 264 3693 aon
272 3638 542 3709 accipenseres
550 3639 632 3694 diam
642 3640 767 3709 capitato.
821 3654 880 3709 perc
893 3638 977 3693 classe
990 3642 1157 3709 amsancti
1171 3668 1203 3680 ·-
1218 3638 1243 3691 ii
1260 3638 1338 3693 cailo
1351 3638 1384 3691 iu

205 3728 234 3780 p.
243 3708 304 3766 Mil.
314 3715 341 3766 δε
361 3710 400 3765 ad
417 3711 476 3766 aas
493 3726 550 3765 noa
565 3710 641 3765 nwdo
653 3710 769 3766 coicum
822 3712 879 3767 ioco
894 3710 950 3764 iam
963 3710 1152 3778 praedonibus
1160 3724 1245 3780 parea
1258 3724 1313 3764 eece
1321 3714 1382 3779 pot·

207 3782 441 3853 maiapaecdam,
471 3781 517 3836 sed
544 3782 626 3836 etiam
652 3781 769 3853 pieriam
823 3797 938 3838 acmes.

207 3854 423 3924 iufrinpendam.
442 3883 475 3893 -
494 3858 574 3921 esea,
597 3868 697 3923 wegen
719 3852 770 3907 der
860 3858 903 3908 14.
926 3853 965 3907 ai
987 3854 1140 3920 mriiciem,
1164 3852 1214 3907 der
1235 3849 1384 3905 Wahrheit

208 3940 316 3981 consec.
330 3927 416 3994 temp.
432 3942 453 3979 s.
468 3929 483 3990 5
499 3929 533 3979 89
552 3941 574 3979 a.
588 3926 709 3993 meat.
844 3928 938 3991 emili,
955 3923 981 3978 d.
992 3923 1019 3977 h.
1036 3923 1125 3977 durch
1139 3922 1195 3977 den
1209 3922 1318 3978 Bcweis
1333 3922 1383 3976 der

244 4000 269 4051 8.
286 3997 363 4051 ineu
377 3997 541 4065 quaestione,
556 4012 625 4065 quae
639 4000 687 4063 est,
701 3994 768 4063 sn,
862 3993 982 4050 ahrheit.
1010 3994 1067 4049 Das
1085 3994 1220 4064 folgendc
1234 3995 1320 4065 picae
1333 4009 1381 4062 ge·

209 4071 242 4121 'ib
270 4084 293 4121 a.
317 4068 353 4121 ab
380 4084 412 4121 eu
439 4068 560 4134 ratione,
588 4081 657 4136 quae
684 4066 765 4121 docet.
820 4066 888 4120 hort
901 4067 1034 4122 auceiim.
1062 4065 1127 4136 Vgl.
1141 4066 1177 4119 ad
1190 4066 1250 4120 Att.
1263 4064 1380 4129 xroa:

244 4143 268 4193 9.
282 4139 442 4193 aconensi.
471 4136 618 4193 Beiaecae
631 4135 702 4191 wird
716 4136 767 4191 das
821 4134 1381 4207 taatpcliiceriqciderepiaceceiim.

207 4207 332 4263 Verbum
347 4209 485 4263 nurdann
494 4206 671 4276 wiederholt,
686 4224 769 4263 wenn
822 4208 860 4263 ib.
875 4207 948 4274 XVI,
962 4214 986 4276 6,
999 4224 1025 4263 s:
1043 4225 1100 4263 coc
1117 4208 1192 4262 debet
1209 4222 1319 4278 serpere,
1336 4205 1383 4260 aed

208 4278 768 4350 aufdaszweiteGliedderDoppelfrage
822 4286 914 4335 tamea
940 4280 966 4333 ei
992 4296 1096 4348 quoqm
1121 4279 1253 4346 saturini
1279 4277 1383 4347 picae

208 4347 254 4403 ein
278 4349 449 4404 besondercr
474 4350 646 4404 Nachdruck
671 4350 770 4421 gelegt
823 4347 1383 4420 calcibxlll,14,1:ideyopieuenolo.

207 4420 321 4475 werden
331 4419 393 4475 soll.
408 4419 529 4489 tigilli,
539 4426 580 4476 11.
590 4420 768 4489 lucellis:
861 4426 903 4476 1s.
920 4421 995 4476 auiti
1008 4416 1182 4489 ‘uberhaupt
1199 4415 1307 4475 keine'.
