3059 4917
506 255 987 326 118.1.88Ρ.81,88.888-88.
1293 260 1334 324 77

159 421 389 487 lustrationem
427 419 570 485 eiusdem
606 420 738 485 incensa
774 419 873 485 radiis
910 422 1079 484 menstruo
1116 419 1224 504 spatio
1257 420 1336 484 luna

161 511 317 595 complet3
341 509 484 595 quinque
508 513 617 574 autem
642 509 755 574 stellae
779 507 916 573 eundem
935 509 1047 573 orbem
1067 513 1228 590 tenentes,
1253 509 1336 573 aliae

159 599 294 685 propius
323 621 342 663 a
369 597 479 682 terris,
508 598 590 662 aliae
613 598 785 683 remotius,
813 598 855 662 ab
878 596 981 662 isdem
1003 597 1174 682 principiis
1198 597 1335 682 dispari·

159 689 221 753 bus
245 687 447 771 temporibus
471 686 584 750 eadem
604 687 711 771 spatia
729 686 914 752 conficiunt.
951 685 1040 752 Num
1059 686 1137 771 quid
1155 687 1234 771 tale,
1257 685 1336 771 Epi·
1355 699 1389 749 88

125 794 248 861 roure,
271 775 407 841 vidisti?
448 773 499 840 Ne
522 775 567 840 sit
589 775 693 861 igitur
712 776 775 861 sol,
798 798 839 840 ne
857 776 948 860 luna,
970 797 1011 839 88
1030 775 1158 860 stellae,
1182 775 1336 860 quoniam

158 865 243 930 nihil
277 887 348 930 esse
382 855 506 949 potest,
539 864 605 929 nisi
639 864 726 949 quod
756 865 928 950 attigimus
958 868 1016 928 aut
1044 863 1199 949 vidimus3
1236 864 1336 948 quid?

160 955 257 1018 deum
279 954 389 1038 ipsum
412 975 532 1018 numne
555 952 690 1018 vidisti?
736 950 802 1018 Our
824 953 928 1040 igitur
951 953 1054 1018 credis
1079 952 1172 1018 esse?
1219 951 1338 1018 Omnia

161 1043 316 1108 tollamus
341 1063 434 1128 ergo,
458 1063 540 1126 quae
563 1046 621 1106 aut
642 1041 784 1106 historia
805 1042 901 1107 nobis
925 1046 982 1106 aut
1004 1041 1091 1106 ratio
1113 1063 1199 1107 nova
1222 1041 1336 1107 adfert.

162 1131 216 1196 Ita
244 1131 296 1216 fit,
326 1135 365 1195 ut
392 1129 620 1195 mediterranei
647 1152 735 1194 mare
763 1152 834 1195 esse
861 1153 928 1195 non
956 1131 1098 1196 credant.
1145 1129 1234 1207 Quae
1260 1134 1338 1196 suut

118 1242 144 1284 ro
162 1222 275 1285 tantae
298 1219 400 1284 animi
422 1218 615 1305 angustiae?
660 1218 720 1303 Ut,
748 1219 778 1284 si
802 1217 932 1304 Seriphi
953 1223 1051 1284 natus
1075 1241 1162 1285 esses
1185 1242 1244 1285 nec
1267 1242 1337 1284 um·

164 1330 262 1394 quam
295 1330 445 1394 egressus
479 1330 517 1372 ex
549 1307 669 1393 insula,
705 1307 740 1371 in
773 1330 838 1392 qua
868 1309 1053 1393 lepusculos
1085 1309 1338 1394 vulpeculasque

163 1419 259 1481 saepe
288 1396 439 1482 vidisses,
470 1419 537 1462 non
567 1396 712 1461 crederes
742 1397 852 1462 leones
881 1401 915 1462 et
941 1396 1118 1482 pantheras
1146 1420 1231 1482 esse,
1264 1420 1337 1462 cum

162 1486 237 1570 tibi,
257 1487 369 1571 quales
389 1490 507 1570 essent,
526 1485 701 1570 diceretur3
724 1485 847 1550 sivero
867 1486 905 1550 de
925 1485 1099 1571 elephanto
1118 1487 1190 1572 quis
1208 1487 1338 1571 diceret,

161 1574 261 1639 etiam
291 1575 392 1639 rideri
420 1579 454 1639 te
483 1578 626 1659 putares.
671 1574 718 1638 Et
747 1578 785 1639 tu
816 1575 959 1660 quidem,
982 1574 1102 1660 Vellei,
1131 1596 1198 1639 888
1227 1579 1337 1641 vestro
1356 1586 1391 1637 88

118 1685 144 1727 rs
163 1685 266 1749 more,
291 1663 347 1729 sed
371 1663 629 1749 dialecticorum,
653 1685 736 1748 quae
758 1662 906 1729 funditus
926 1685 1006 1750 gens
1025 1669 1135 1730 vestra
1151 1686 1217 1728 888
1236 1664 1339 1749 novit,

162 1756 356 1839 argumento
380 1752 577 1818 sententiam
601 1752 806 1818 conclusisti:
833 1751 955 1818 Beatos
974 1775 1045 1818 esse
1063 1753 1140 1818 deos
1159 1753 1338 1838 sumpsisti.

163 1838 388 1906 Concedimus.
428 1840 569 1906 Beatum
591 1845 702 1906 autem
725 1842 796 1907 sine
818 1841 940 1908 virtute
958 1842 1121 1907 neminem
1139 1864 1210 1907 esse
1233 1864 1339 1926 posse.

163 1929 201 1993 Id
230 1953 359 2016 quoque
387 1931 515 2015 damus,
543 1935 578 1995 et
599 1930 740 1995 libenter
764 1931 903 2017 quidem.
945 1930 1112 1996 Virtutem
1135 1935 1245 1996 autem
1269 1931 1339 1995 sine
1358 1933 1401 1998 32

164 2017 291 2083 ratione
315 2023 464 2084 constare
487 2040 555 2083 non
576 2040 681 2103 posse.
724 2017 906 2086 Conveniat
927 2019 962 2083 id
982 2042 1111 2105 quoque
1128 2042 1260 2085 necesse
1280 2023 1338 2084 est.

120 2127 147 2168 ao
165 2103 341 2193 Adiungis:
372 2129 432 2172 nec
462 2107 623 2172 rationem
653 2130 723 2174 esse
750 2109 816 2173 uisi
843 2109 879 2173 in
904 2108 1047 2173 hominis
1073 2109 1188 2195 figura.
1236 2107 1340 2183 Quem

165 2194 228 2258 tibi
250 2194 313 2260 hoo
337 2196 488 2260 daturum
512 2196 632 2281 putas?
662 2197 691 2262 si
714 2199 801 2262 enim
823 2198 872 2262 ito
895 2201 995 2282 esset,
1019 2197 1097 2283 quid
1116 2219 1197 2282 opus
1216 2200 1288 2261 erat
1305 2200 1339 2260 te

165 2283 329 2369 gradatim
355 2285 442 2349 istuc
468 2285 659 2369 pervenire?
692 2287 887 2372 sumpsisses
916 2291 973 2352 tuo
996 2288 1075 2351 iure.
1122 2284 1207 2362 Quid
1229 2288 1339 2350 autem

202 2516 224 2565 1.
244 2511 724 2581 lustrationem=eircumitum,wie
779 2515 959 2584 eludaturque
975 2516 1063 2581 ratio,
1081 2515 1177 2583 trudit,
1195 2531 1267 2580 888,
1283 2530 1339 2583 qua

164 2583 281 2637 1888888
307 2583 416 2652 (luca
437 2585 499 2653 106)
520 2611 548 2630 =
570 2585 724 2653 arramire,
778 2587 825 2640 vic
861 2587 984 2657 captiosa
1020 2587 1169 2654 88188888,
1207 2587 1340 2655 emtique

166 2651 321 2724 cigentlich
364 2653 417 2708 mit
461 2655 526 2708 dem
567 2654 725 2725 Opfertiere
779 2657 1004 2728 dictiapuautur,
1022 2657 1147 2711 ostendit.
1185 2656 1242 2721 S.§
1265 2661 1300 2709 43
1315 2675 1338 2710 z.

166 2722 431 2806 einenstihnenden
449 2724 581 2796 Umgang
598 2744 647 2780 um
670 2725 725 2780 den
779 2729 925 2798 (18889818
942 2734 967 2783 et
985 2727 1096 2782 iudicio.
1191 2798 1197 2810 ·
1286 2739 1289 2742 ’

165 2795 723 2938 dellttlllllyllfllllllollll
780 2804 1046 2936 ..lauerat
1055 2803 1341 2937 ..altstete

203 2937 353 3006 28888888
367 2940 460 2994 stellae
474 2968 508 2980 -
518 2940 590 2994 aliae
601 2971 634 2980 -
644 2940 726 3008 aliae,
779 2938 834 2993 mit
843 2938 935 2994 einem
950 2937 1135 3008 syllogismus
1149 2938 1339 3008 geschlossen,

167 3024 189 3062 s.
205 3006 368 3078 ull-Scyll.
384 3008 431 3064 Gr.
447 3016 499 3065 145
513 3009 546 3064 A.
557 3015 581 3065 4.
781 3010 820 3063 du
837 3010 903 3064 hast
922 3027 985 3063 zum
1009 3007 1116 3064 Sohlull
1139 3010 1228 3064 durch
1257 3007 1342 3064 einen

203 3084 229 3133 3.
248 3081 282 3134 ab
301 3080 386 3135 isdem
399 3082 552 3151 princepis
566 3077 635 3136 ‘von
657 3082 724 3136 den·
781 3081 967 3152 syllogismus
996 3079 1042 3135 dis
1067 3079 1219 3136 Wahrheit
1244 3079 1342 3136 deiner

168 3149 265 3205 selben
274 3148 531 3222 Anfangspunlrten
546 3152 725 3222 ausgehend'.
779 3152 970 3223 Behauptung
988 3169 1022 3205 zu
1044 3151 1186 3208 beweissn
1212 3153 1341 3222 gcsucht.

201 3227 226 3276 6.
245 3223 397 3293 88888888,
416 3222 462 3277 ein
475 3223 642 3290 Fliokwort3
662 3225 726 3278 das·
781 3223 808 3280 S.
824 3241 849 3279 o.
864 3230 879 3291 ξ
893 3229 937 3280 48.
973 3223 1083 3293 Wegen
1106 3224 1156 3278 der
1173 3223 1342 3294 Bedeutung

166 3292 243 3347 solbe
252 3294 348 3348 verrat
362 3294 412 3348 das
421 3295 585 3363 Bestreben,
600 3295 725 3349 (188Αυῖ-
780 3293 1295 3367 8888898888888831.0818811180,
1303 3312 1341 3350 11:

165 3362 264 3435 fallige
285 3364 376 3420 dieses
391 3365 530 3437 Beispiels
549 3384 583 3420 zu
596 3365 726 3423 mildam.
781 3365 850 3422 088
881 3368 919 3422 sit
954 3373 1145 3438 8898888188(
1175 3368 1249 3422 ratio
1276 3383 1342 3436 pro·

201 3441 226 3490 7.
253 3452 367 3505 aumas,
401 3435 464 3492 eine
492 3437 599 3492 seltene
622 3437 725 3508 Frage·
782 3439 918 3493 88188888
936 3444 1098 3508 praestans,
1121 3455 1178 3508 qua
1202 3439 1343 3510 callipidas

165 3504 303 3629 partikel,
341 3506 390 3562 bei
426 3505 523 3563 Cicero
564 3525 618 3563 nur
653 3509 728 3562 noch
781 3509 862 3564 aliud
875 3525 929 3578 per
945 3510 1039 3577 aliud,
1066 3516 1092 3566 et
1118 3526 1187 3579 quae
1213 3511 1286 3578 quod
1304 3515 1342 3565 ed

189 3577 300 3632 88186.
782 3580 899 3637 dubium
912 3597 965 3649 per
988 3581 1032 3650 id,
1059 3581 1132 3651 quod
1151 3581 1267 3637 dubium
1284 3597 1342 3637 888

205 3653 246 3702 10.
266 3647 404 3718 Scriptus,
431 3649 564 3705 eineder
585 3648 728 3705 lrleinsten
782 3657 833 3717 est,
852 3653 1002 3719 coufirmat.

168 3717 226 3770 und
245 3717 494 3774 unfruchtbarsten
509 3721 559 3776 der
574 3720 727 3791 Oykladen,
820 3727 853 3776 22
874 3724 1047 3792 ,sumpsisses
1077 3723 1135 3777 Der
1153 3722 1237 3789 Konj.
1260 3720 1341 3775 Plus-

168 3788 730 3918 88.88888888
781 3790 1342 3919 sacraeclauc

168 3928 284 3984 wohner
299 3929 342 3985 oft
355 3931 529 3988 Zielsoheibe
544 3933 726 4005 desSpottes.
782 3934 939 4004 aeiohnung
959 3935 1071 4004 descen,
1099 3951 1157 3988 was
1185 3933 1266 3987 hatte
1330 3965 1341 3975 ·

205 4006 246 4056 18.
266 4018 336 4071 quae
357 4001 560 4059 istinfreierer
569 4004 664 4060 Weiss
679 4006 730 4060 auf
782 4007 907 4061 schehen
932 4005 1046 4060 881188
1072 4007 1104 4076 (s.
1118 4002 1270 4073 llll-Scyll.
1293 3951 1341 4060 dr.

168 4072 374 4130 dialecticorum
388 4073 523 4144 beaogsu.
560 4075 624 4146 Vgl.
643 4083 659 4144 5
678 4083 726 4133 80:
782 4083 834 4132 251
846 4078 894 4147 A),
920 4076 973 4130 wie
994 4076 1042 4144 III,
1058 4082 1100 4146 76,
1125 4075 1246 4130 sondem
1269 4076 1343 4131 auch

81 4171 86 4184 ·
169 4146 318 4214 capitones,
336 4162 413 4216 quae.
783 4149 897 4211 dassen,
912 4164 969 4201 was
986 4148 1066 4202 hatte
1085 4146 1244 4216 geschehen
1260 4147 1342 4202 1888-

203 4233 269 4286 pecs
287 4223 376 4273 uestra
394 4234 452 4273 888
469 4218 552 4274 accit.
579 4217 621 4273 De
639 4219 685 4274 fin.
705 4220 726 4288 Ι,
782 4235 856 4274 888.
893 4218 956 4288 Vgl.
989 4218 1038 4287 ΙΙΙ,
1068 4225 1114 4275 71:
1152 4219 1219 4288 quid
1247 4221 1344 4289 potius

168 4292 216 4340 22:
249 4287 410 4359 (Epicurus)
442 4289 514 4346 tollit
548 4290 728 4360 (1888818888,
782 4291 940 4346 homiuibus
957 4291 1092 4346 dedissent
1119 4285 1232 4344 ‘hatten
1251 4289 1344 4360 geben

168 4359 239 4414 88788
276 4361 308 4415 de
341 4361 487 4417 dividendo
518 4378 552 4416 88
580 4363 728 4430 partiendo
782 4356 913 4416 konnen’.
938 4393 972 4402 -
994 4361 1091 4417 Dutch
1114 4361 1177 4417 eine
1201 4360 1343 4485 derartige

169 4429 252 4498 docet,
271 4447 328 4486 888
346 4448 399 4502 quo
417 4432 495 4488 modo
513 4433 648 4502 efficiatur
666 4449 728 4489 888-
783 4431 1014 4503 Voraussetaung
1027 4434 1123 4504 wurde
1137 4450 1174 4487 an
1188 4433 1238 4488 der
1253 4432 1306 4487 Sao
1327 4447 1343 4484 e
