3059 4917
452 301 519 357 LlB.
534 300 583 356 III.
599 299 675 357 ΟΑΡ.
690 305 792 357 8-10.
811 305 956 366 §ao-24.
1226 304 1287 370 197

110 463 216 542 ‘Quod
238 465 366 530 ratione
389 464 507 547 utitur,
539 463 573 534 id
602 463 719 528 melius
750 469 802 528 est
834 485 932 549 quam
963 463 1010 548 id,
1043 462 1130 548 quod
1161 463 1289 529 ratione

113 577 180 620 non
201 555 320 639 utitur,
342 552 426 618 nihil
450 557 560 617 autem
583 552 705 617 mundo
729 551 859 638 melius,
882 551 1010 617 ratione
1027 552 1132 638 igitur
1150 552 1289 618 mundus

114 639 233 709 utitur.'
281 642 354 708 Hoc
374 642 402 707 si
420 642 541 727 placet,
563 641 630 706 iam
649 639 787 727 efficies,
810 644 848 706 ut
866 642 1006 706 mundus
1026 640 1149 725 optime
1167 641 1290 706 librum
1308 653 1342 702 23

114 733 221 819 legere
244 732 400 796 videatur.
447 730 587 795 Zenonis
615 729 702 794 enim
732 729 883 814 vestigiis
910 729 974 795 hoc
1003 730 1100 795 modo
1128 729 1290 795 rationem

84 821 237 906 spateris
261 820 468 886 concludere:
487 815 595 895 ‘Quod
617 819 802 884 litteratum
825 823 889 903 est,
911 819 946 883 id
968 822 1020 884 est
1038 819 1168 904 melius,
1192 841 1290 905 quam

116 909 202 996 quod
223 931 291 974 non
314 914 365 974 est
383 909 580 993 litteratum3
602 907 686 972 nihil
705 912 817 973 autem
835 908 955 972 mundo
975 907 1289 993 melius31itteratus

115 998 217 1085 igitur
254 1002 304 1064 est
342 991 496 1063 mundus?
553 998 623 1062 lsto
647 996 743 1062 modo
779 996 879 1061 etiam
911 996 1052 1062 disertus
1089 1001 1123 1061 et
1159 996 1291 1083 quidem

116 1087 380 1172 mathematicus,
403 1086 561 1170 musicus,
585 1085 674 1151 omni
697 1084 836 1171 denique
864 1085 1014 1150 doctrina
1043 1085 1202 1170 eruditus,
1231 1108 1290 1170 po·

117 1181 239 1241 stremo
262 1174 479 1260 philosophus
503 1173 565 1240 erit
588 1174 737 1240 mundus.
766 1172 869 1258 Saepe
893 1173 1112 1245 dixistinihil
1135 1174 1206 1239 fieri
1224 1174 1292 1239 nisi

73 1285 99 1325 ro
118 1287 156 1330 ex
180 1287 232 1350 eo,
254 1287 315 1329 nec
338 1265 430 1329 illam
452 1264 520 1328 vim
550 1285 621 1328 esse
644 1266 795 1348 naturae,
825 1266 863 1327 ut
895 1263 947 1328 sui
977 1262 1149 1328 dissimilia
1177 1266 1292 1348 posset

117 1353 286 1440 effingere,
310 1353 484 1418 concedam
505 1374 575 1416 non
596 1352 693 1417 modo
717 1352 918 1426 animantem
948 1356 981 1416 et
1009 1351 1191 1436 sapientem
1220 1374 1291 1418 esse

117 1443 286 1528 mundum,
310 1443 367 1507 sed
389 1440 553 1506 fidicinem
576 1440 677 1506 etiam
706 1445 740 1505 et
770 1440 963 1525 tubicinem,
993 1441 1148 1526 quoniam
1180 1463 1292 1506 earum

117 1553 246 1617 quoque
270 1530 391 1596 artium
414 1530 563 1595 homines
587 1552 627 1594 ex
650 1551 688 1594 eo
711 1529 948 1614 procreantur?
993 1528 1087 1594 Nihil
1113 1530 1217 1616 igitur
1240 1530 1293 1595 ad·

116 1619 181 1685 fert
202 1624 297 1704 pater
319 1620 383 1684 iste
404 1617 603 1705 Stoicorum,
627 1641 727 1704 quare
741 1617 899 1682 mundum
917 1617 1045 1684 ratione
1062 1618 1112 1685 uti
1131 1622 1293 1703 putemus,

73 1727 99 1770 a
115 1730 157 1773 ne
181 1730 237 1774 cur
260 1708 460 1774 animantem
484 1708 615 1794 quidem
638 1730 718 1773 esse.
760 1705 838 1772 Non
856 1712 908 1772 est
924 1706 1028 1793 igItur
1046 1707 1185 1772 mundus
1204 1708 1293 1792 deus,
1320 1726 1323 1732 ’
1400 1752 1407 1763 ·

118 1801 285 1862 ettamen
306 1796 390 1861 nihil
422 1801 473 1862 est
496 1819 534 1862 eo
567 1796 698 1882 melius,
727 1795 812 1860 nihil
844 1799 895 1861 est
927 1795 1013 1860 enim
1046 1818 1084 1861 eo
1115 1796 1293 1882 pulchrius,

117 1885 200 1949 nihil
224 1886 399 1950 salutarius
427 1885 537 1970 nobis,
568 1885 652 1949 nihil
685 1884 833 1950 ornatius
864 1888 1000 1969 aspectu
1031 1889 1188 1971 motuque
1220 1907 1294 1950 con·

118 1973 267 2039 stantius.
315 1973 439 2049 Quodsi
461 1973 600 2038 mundus
624 1970 794 2038 universus
817 1995 886 2038 non
914 1977 965 2038 est
987 1974 1080 2058 deus,
1106 1997 1148 2038 ne
1178 1975 1293 2039 stellae

118 2061 262 2148 quidem,
285 2085 366 2148 quas
390 2066 428 2126 tu
446 2059 703 2127 innumerabiles
727 2062 762 2126 in
785 2063 920 2127 deorum
942 2085 1078 2128 numero
1102 2062 1294 2147 reponebas,

73 2173 100 2214 ro
119 2173 257 2237 quarum
280 2155 314 2216 te
339 2173 453 2216 cursus
476 2150 663 2236 aequabiles
687 2151 876 2237 aeternique
900 2150 1119 2236 delectabant,
1145 2173 1206 2216 nec
1229 2173 1294 2216 me

117 2239 249 2304 hercule
266 2239 401 2325 iniuria3
426 2243 504 2305 sunt
522 2239 609 2304 enirn
628 2239 814 2305 admirabili
831 2239 1080 2325 incredibilique
1099 2239 1292 2306 constantia.

119 2327 182 2394 Sed
208 2351 277 2394 non
308 2328 433 2413 omnia,
465 2327 581 2415 Balbe,
618 2350 701 2414 quae
738 2351 852 2394 cursus
890 2334 996 2394 certos
1034 2333 1068 2394 et
1105 2333 1292 2394 constantes
1312 2340 1347 2389 24

116 2417 253 2504 habent,
283 2439 321 2483 ea
353 2417 413 2482 deo
442 2417 553 2503 potius
583 2418 756 2483 tribuenda
786 2423 864 2483 sunt
889 2441 988 2503 quam
1015 2421 1162 2483 naturae.
1208 2416 1294 2493 Quid
1315 2418 1356 2483 10

153 2635 179 2682 3.
197 2628 223 2682 ci
244 2629 348 2696 placet,
367 2659 401 2669 -
420 2629 531 2697 efficies,
560 2645 580 2681 s.
605 2628 676 2696 11,ss
770 2633 810 2682 10.
829 2629 876 2683 cui
888 2629 1036 2683 decimatio
1049 2634 1141 2698 poscet
1162 2629 1294 2700 cffinperc.

118 2715 141 2752 a.
155 2699 181 2753 ci
197 2699 328 2754 volumus.
730 2697 796 2768 vgl.
811 2698 897 2767 Illa.

153 2774 179 2824 4.
198 2768 501 2840 ceaifiisffiocatirua.
530 2768 587 2824 Dar
604 2769 675 2823 roll·
770 2776 811 2824 12.
847 2769 979 2838 quoniam
1020 2799 1055 2810 -
1086 2785 1225 2839 procreare
1238 2767 1295 2825 ur?

119 2837 249 2908 standigc
263 2839 411 2894 Ausdruclr
425 2839 502 2894 Brut.
518 2846 583 2894 305:
602 2841 676 2897 Hor·
731 2839 810 2893 Zwar
829 2840 989 2910 entspringt
1006 2839 1081 2893 nach
1106 2840 1156 2895 der
1174 2839 1295 2895 Ansicht

118 2910 236 2966 tendum
254 2911 344 2980 ipsius
361 2911 482 2981 oestiqiie
495 2913 641 2980 persecuti.
732 2912 783 2965 der
800 2909 915 2966 Stoiker
937 2910 1008 2965 alles
1026 2910 1147 2966 Konnen
1170 2927 1220 2965 aus
1244 2912 1295 2966 der

154 2982 503 3049 rationem-concludere,
522 2999 544 3037 s.
560 2999 582 3037 a.
593 2981 676 3047 lura
732 2980 921 3052 allgemeinen
939 2981 1108 3036 Naturlrralt
1130 2983 1180 3036 der
1207 2981 1293 3052 Wclt,

156 3056 180 3106 t.
202 3051 280 3122 Quod
298 3052 449 3107 litteratum
467 3059 506 3107 ert
524 3054 578 3107 etc.
605 3051 680 3109 Sext.
736 3053 843 3107 welche
850 3051 995 3122 jedwedes
1009 3052 1170 3124 Vermogen
1189 3053 1219 3107 in
1233 3053 1295 3108 sich

119 3122 200 3192 Emp,
211 3121 258 3190 IX,
270 3127 321 3178 108
331 3122 410 3176 fuhrt
421 3122 546 3177 dieselbe
563 3122 681 3177 Schlull-
736 3123 871 3193 achliellt,
900 3124 969 3178 aber
995 3141 1025 3178 ea
1053 3123 1092 3178 ist
1122 3124 1295 3196 sophistisch

118 3192 270 3264 folgerung
292 3210 342 3248 aus
361 3193 496 3247 Alexinus
525 3195 589 3248 dem
607 3194 681 3248 Eris·
735 3195 794 3248 und
812 3194 971 3265 unlogisch,
990 3195 1041 3248 auf
1057 3195 1107 3249 das
1118 3196 1294 3266 Allgemeine

118 3263 194 3319 tiker
211 3281 260 3334 an,
288 3265 412 3319 welcher
438 3282 486 3319 um
503 3271 557 3326 250
572 3284 597 3320 v.
618 3264 681 3320 Chr.
736 3265 787 3319 das
819 3267 991 3336 fibertragen
1021 3283 1054 3320 zu
1081 3267 1200 3335 wellen,
1237 3284 1295 3320 was

118 3336 204 3392 lebte.
250 3336 350 3391 Sextus
379 3335 489 3390 sowohl
512 3337 554 3390 ala
583 3335 680 3390 Cicero
735 3354 789 3390 nur
807 3335 847 3390 im
866 3337 1026 3411 Speciellen
1047 3337 1079 3391 in
1101 3338 1148 3392 die
1167 3338 1295 3394 Erschei·

118 3406 222 3462 landen
242 3407 370 3463 dieselbc
397 3406 446 3462 bei
474 3407 679 3464 Klitomachus.
735 3425 813 3478 nung
830 3407 904 3463 tritt.
940 3407 1064 3462 Ahnlich
1083 3415 1156 3475 §aa

117 3477 177 3532 Auf
192 3479 290 3534 diesen
308 3478 442 3533 Einwand
466 3478 605 3534 erwidern
632 3477 678 3533 dic
776 3495 872 3535 earum
914 3481 1019 3535 aniam
1060 3481 1195 3549 homines,
1240 3480 1322 3535 wie·

119 3548 310 3619 Stoiker,dall
323 3549 678 3605 einesolcheZusarnmen-
731 3567 759 3619 p.
779 3550 862 3605 Rosa.
882 3552 944 3604 Am.
966 3556 1031 3605 120:
1050 3553 1173 3607 omnium
1191 3554 1296 3608 unium

120 3619 244 3689 stelluug
257 3622 418 3690 unpassend
434 3620 482 3689 sei,
498 3621 535 3676 da
549 3622 600 3676 das
610 3621 678 3676 Ver·
727 3623 869 3690 pumma,
889 3621 924 3674 de
943 3623 1012 3677 orat.
1027 3621 1061 3690 ΙΙ,
1077 3629 1126 3679 37τ
1145 3630 1296 3679 ceterorum

118 3689 248 3759 nfinftige
267 3692 380 3745 absolut
398 3692 494 3746 barser
508 3693 549 3747 sei
567 3693 610 3747 als
627 3693 677 3747 das
732 3695 836 3746 onium
853 3694 981 3748 bominac.
1003 3722 1004 3726 =

119 3759 282 3828 Gegeuteil,
318 3762 368 3816 das
400 3761 594 3832 γραμματικόν
627 3765 677 3817 da·
769 3769 810 3818 14.
825 3769 908 3832 poter
925 3765 975 3818 iste
992 3763 1161 3831 Stoicorum,
1178 3762 1294 3817 ahnlich

119 3847 213 3900 gagen
239 3849 292 3884 nur
318 3833 433 3899 relativ‚
462 3833 488 3889 d.
514 3835 542 3888 h.
569 3852 622 3888 nur
646 3851 677 3888 so
731 3833 903 3902 Lucr.111,s
922 3851 978 3888 von
997 3834 1119 3904 Epikur:
1143 3841 1189 3903 tu,
1203 3841 1294 3904 poter,

118 3903 218 3971 lange,
237 3901 279 3956 als
299 3919 328 3956 es
353 3903 435 3957 nicht
461 3903 549 3958 durch
576 3906 679 3959 andere
733 3921 760 3960 es
777 3921 870 3960 rama
888 3907 1020 3961 laomor.

119 3972 341 4043 Eigenschaften
357 3973 513 4028 liberboten
526 3976 628 4031 werde.
644 3977 680 4031 So
772 3979 1043 4032 15.euram‘mcrrtem
1051 3982 1294 4045 ecrescputemua

119 4043 162 4099 sei
198 4044 249 4099 der
284 4043 493 4100 Grammatilrer
534 4046 680 4101 Aristarch
772 4047 1236 4116 19.trruumercreponebos,s.z.l.
1250 4053 1293 4103 38.

118 4115 260 4170 durchaus
285 4114 366 4170 nicht
398 4117 493 4171 besser
518 4118 560 4171 als
589 4116 679 4186 Plato,
770 4125 1039 4188 23.quomaotarae.
1053 4117 1197 4172 Wahrend
1212 4117 1296 4173 Cotta

118 4187 243 4242 welcher
277 4186 347 4242 kain
382 4187 589 4244 Grammatiker
630 4188 680 4246 sei.
735 4188 873 4244 hierund
892 4197 907 4256 ξ
926 4197 960 4244 26
979 4189 1036 4260 fig,
1056 4206 1100 4244 wo
1119 4205 1149 4244 es
1168 4188 1295 4243 slohum

118 4257 206 4328 (Sext.
222 4275 246 4314 a.
261 4275 286 4315 a.
302 4258 346 4330 0.)
736 4260 799 4315 cine
827 4261 1025 4331 Bchampfnng
1057 4260 1108 4315 der
1139 4259 1296 4314 Ausichten

156 4335 180 4385 ⁷.
200 4336 225 4385 et
238 4331 355 4400 quidem,
374 4349 396 4385 s.
411 4349 434 4386 u.
449 4331 469 4400 Ι,
480 4336 523 4388 82.
736 4332 787 4387 der
806 4331 919 4386 Stoilrer
935 4331 1068 4399 handelt,
1085 4338 1190 4388 natura
1216 4333 1297 4386 mehr

156 4407 181 4456 8.
213 4401 328 4474 decim
361 4433 393 4444 -
420 4409 573 4473 postremo,
605 4421 626 4460 s.
656 4421 679 4457 z.
735 4401 775 4456 im
804 4402 1021 4526 epikureischen
1049 4403 1134 4458 Sinne
1162 4403 1205 4457 als
1233 4403 1297 4458 eine

118 4472 141 4541 1,
157 4477 217 4528 104.
735 4472 817 4527 bewu
839 4473 894 4528 tlos
909 4473 1062 4542 wirlrenda
1080 4475 1154 4529 nach
1173 4474 1230 4529 den
1242 4473 1296 4530 Ge·
