3059 4917
199 249 264 314 236
585 240 635 296 DE
654 239 809 296 NATURA
827 237 991 295 DEORUM.

138 445 180 510 37
201 407 431 491 Improborum
453 405 557 492 igitur
579 403 816 490 prosperitates
840 402 1062 487 secundaeque
1084 423 1137 466 res
1165 400 1386 487 redarguunt,

148 535 182 586 89
200 500 239 560 ut
262 495 426 581 Diogenes
451 495 593 579 dicebat,
616 493 683 558 vim
707 514 838 558 omnem
861 491 996 556 deorum
1019 512 1057 555 ac
1079 493 1287 573 potestatem.
1330 488 1386 554 At

199 607 268 650 non
289 606 469 669 numquam
491 583 595 648 bonos
620 582 726 647 exitus
749 581 874 646 habent
905 580 993 645 boni.
1037 578 1105 643 Eos
1137 578 1269 663 quidem
1297 578 1387 642 arri-

200 673 309 758 pimus
333 672 608 756 attribuimusquc
632 671 702 735 sine
726 670 794 736 ulla
815 670 943 735 ratione
965 668 1016 733 dis
1038 666 1292 732 immortalibus.
1329 665 1384 730 At

201 759 363 847 Diagoras
388 783 461 826 cum
481 759 729 825 Samothracam
752 759 909 843 venisset,
936 754 1040 832 ἄθεος
1070 756 1128 820 ille
1158 755 1215 840 qui
1246 753 1420 839 dicitur,5

202 854 300 934 atquc
324 850 357 915 ei
378 850 509 934 quidam
528 849 651 914 amicus
671 846 758 932 Ἥ,
781 848 847 932 qui
869 848 958 912 deos
982 850 1096 930 putas
1123 844 1289 909 bumana
1315 866 1384 908 ne-

202 939 373 1026 glegere,
409 960 537 1003 nonne
570 936 848 1002 animadvertis
881 957 926 1000 ex
956 938 1018 1000 tot
1053 933 1202 999 tabulis
1239 933 1382 1017 pictis,

184 1050 315 1112 ,quam
339 1027 453 1091 multi
475 1027 579 1092 votis
603 1026 680 1091 vim
702 1024 956 1108 tempestatis
985 1023 1207 1110 effugerint
1228 1022 1269 1087 in
1290 1043 1384 1105 por-

202 1121 360 1201 tumque
383 1115 484 1180 salvi
505 1111 802 1199 pervenerintf',
823 1107 902 1178 ‘Ita
923 1107 998 1196 fit’,
1025 1111 1148 1197 inquit3
1171 1107 1253 1175 ‘illi
1277 1110 1385 1175 enim

202 1226 394 1290 nusquam
416 1204 515 1288 picti
538 1207 643 1286 sunt,
667 1203 732 1287 qui
754 1201 965 1288 naufragia
994 1200 1173 1265 fecerunt
1200 1200 1242 1264 in
1263 1197 1384 1264 mari·
1405 1219 1433 1260 ro

204 1315 275 1379 que
298 1291 517 1378 perierunt?
561 1291 725 1376 Idemque,
749 1313 823 1355 cum
842 1291 872 1354 ci
889 1289 1060 1376 naviganti
1077 1293 1225 1354 vectores
1243 1287 1384 1352 adversa

204 1386 400 1467 tempestate
424 1381 533 1446 timidi
556 1384 589 1445 ct
610 1379 780 1464 perterriti
802 1379 948 1444 dicerent
969 1400 1037 1442 non
1058 1377 1179 1441 iniuria
1206 1376 1271 1441 sibi
1296 1375 1383 1441 illud

204 1471 362 1556 accidere,
386 1471 443 1556 qui
464 1470 558 1534 illum
580 1469 617 1533 in
639 1469 775 1533 eandem
796 1490 913 1532 navem
931 1466 1145 1550 recepissent,
1168 1464 1313 1529 ostendit
1332 1465 1382 1529 eis

204 1561 240 1624 in
268 1559 381 1625 codem
414 1581 509 1623 cursu
542 1557 662 1622 multas
692 1556 774 1621 alias
806 1557 993 1621 laborantes
1027 1553 1265 1639 quaesivitque,
1299 1575 1382 1617 num

206 1649 306 1713 etiam
329 1648 364 1712 in
386 1648 427 1712 iis
451 1647 589 1712 navibus
612 1645 792 1731 Diagoram
815 1645 890 1710 vehi
913 1645 1089 1710 crederent.
1135 1640 1189 1708 sie
1217 1641 1305 1706 enim
1327 1664 1381 1706 res
1403 1663 1429 1704 rs

206 1758 241 1802 se
264 1736 376 1820 habet,
399 1740 437 1800 ut
460 1736 500 1800 ad
523 1757 713 1818 prosperam
747 1735 955 1800 adversamve
984 1733 1168 1816 fortunam,
1198 1730 1304 1815 qualis
1335 1731 1381 1795 sis

153 1837 187 1886 90
206 1828 264 1890 aut
287 1846 383 1908 quem
407 1824 447 1889 ad
470 1823 602 1888 modum
626 1823 759 1908 vixeris,
781 1823 866 1888 nihil
888 1821 1029 1887 intersit.
1073 1820 1151 1886 Non
1180 1818 1382 1884 animadver-

206 1917 296 1997 tunt,
318 1913 439 1998 inquit,
463 1913 573 1978 omnia
595 1913 642 1998 di,
664 1935 706 1978 ne
736 1935 830 1998 reges
861 1912 1000 1997 quidem.
1054 1907 1139 1985 Quid
1169 1912 1220 1974 est
1251 1907 1382 1972 simile?

144 2003 187 2070 38
207 2001 314 2088 Reges
339 2003 426 2068 enim
449 2003 478 2067 si
501 2002 641 2067 scientes
663 2002 948 2085 praetermittunt,
977 2019 1097 2084 magna
1127 1998 1223 2081 culpa
1252 2000 1317 2082 cst,
1347 2000 1383 2060 at

207 2093 267 2156 deo
289 2114 331 2156 ne
354 2091 521 2156 excusatio
545 2091 675 2176 quidem
700 2094 750 2154 est
773 2088 973 2154 inscientiae.
998 2084 1111 2174 ,Quem
1134 2108 1192 2151 vos
1215 2086 1382 2170 praeclare
1401 2107 1428 2147 aa

207 2180 394 2265 defenditis,
418 2203 491 2245 cum
514 2179 623 2244 dicitis
647 2201 719 2243 cam
741 2177 809 2243 vim
828 2177 963 2243 deorum
981 2197 1062 2259 esse,
1083 2180 1131 2261 ut,
1154 2174 1284 2240 etiamsi
1308 2174 1381 2258 quis

207 2274 313 2334 morte
349 2291 472 2354 poenas
510 2268 640 2332 sceleris
678 2267 843 2352 effugerit,
880 2269 1073 2350 expetantur
1110 2287 1166 2329 eac
1202 2285 1326 2348 poenae
1362 2285 1383 2326 a

207 2358 334 2441 liberis,
358 2380 377 2421 a
398 2356 590 2442 nepotibus,
613 2379 632 2420 a
651 2356 802 2440 posteris.
834 2354 998 2420 Omiram
1017 2353 1217 2438 aequitatem
1235 2352 1383 2417 deorum!

245 2573 270 2621 2.
289 2572 322 2621 ut
339 2565 476 2636 Diopenes
494 2566 614 2620 dicebat:
634 2563 681 2634 111,
693 2570 735 2620 80.
859 2569 901 2618 22.
921 2569 1083 2632 expetentur
1102 2579 1208 2633 poenae
1235 2581 1254 2618 α
1281 2563 1381 2617 zabau

245 2643 270 2692 ὅ.
290 2637 441 2708 Diagoras,
460 2654 481 2691 s.
496 2655 518 2691 z.
527 2637 554 2704 J,
569 2642 594 2691 2.
822 2635 888 2722 Vgl.
905 2635 934 2688 [l.
949 2635 995 2703 IV,
1008 2640 1071 2690 160:
1092 2636 1171 2704 εἴπερ
1196 2630 1251 2704 γάρ
1278 2652 1307 2687 τε
1334 2633 1382 2686 καὶ

246 2715 270 2764 6,
290 2711 396 2763 amicus
418 2725 455 2763 sc.
480 2709 600 2763 diruisset.
641 2707 694 2762 Die
717 2724 768 2760 un·
823 2701 916 2760 αιιτλιι’
935 2701 1082 2775 Ὀλύμπιος
1100 2701 1154 2759 oris
1173 2699 1324 2770 ἐτέλεσσεν,
1351 2701 1381 2758 έιι

209 2779 405 2848 gewohnliche
448 2778 555 2848 Ellipse
592 2779 641 2832 des
683 2778 768 2834 Verb.
822 2797 852 2832 τε
872 2777 921 2831 καὶ
940 2773 994 2846 ὀφέ
1018 2780 1104 2831 τελεῖ·
1134 2773 1185 2831 σύν
1214 2795 1243 2830 τε
1271 2772 1381 2847 μεγάλῳ

210 2850 322 2906 dicendi
347 2851 386 2905 im
413 2849 589 2920 Konjunktiv
617 2849 688 2903 wind
720 2866 768 2919 gc·
823 2844 973 2916 ἀπέτισαν,
1010 2845 1061 2902 σὺν
1094 2848 1198 2917 σφῇσιν
1233 2847 1381 2916 κεφαλῇσι,

208 2923 322 2977 mildcrt
342 2922 430 2976 durch
448 2922 503 2976 den
520 2921 770 2990 voraufgehenden
822 2921 938 2990 γυναιξί
952 2939 982 2974 τε
1000 2918 1050 2973 ιιαὶ
1068 2916 1218 2973 τεκέεσσιν.
1238 2917 1294 2972 Sol.
1309 2917 1381 2985 XIII,

209 2993 385 3063 Konjunktiv
404 2995 525 3048 venisset.
824 2997 857 3045 31
881 2991 989 3060 Bergk:
1015 2988 1140 3045 ἀναίτιοι
1165 2986 1233 3059 ἔργα
1258 2991 1380 3043 τίνουσιν

247 3071 271 3119 7.
290 3081 323 3118 ex
340 3071 379 3120 tot
410 3065 513 3120 tabuiis
539 3064 639 3134 pictis,
671 3061 771 3118 Votiv·
823 3057 964 3152 ἢπαῑᾶες
982 3059 1089 3116 τούτων
1104 3057 1248 3131 (ἄλιτρῶν)
1266 3053 1284 3128 ἢ
1302 3058 1381 3129 γένος

210 3134 347 3204 gemalde,
368 3135 419 3187 auf
434 3135 562 3188 welchen
575 3133 621 3188 die
641 3149 696 3188 von
714 3135 770 3188 den
824 3154 864 3186 ων
884 3129 982 3187 ὀπίσω.
1019 3130 1115 3201 Eurip.
1134 3132 1162 3186 b.
1185 3131 1258 3185 Plut.
1282 3131 1309 3184 d.
1330 3147 1380 3185 ser.

212 3204 460 3274 Schiffbriichigen
474 3205 701 3260 fiberstandenen
715 3204 769 3259 Ge·
823 3222 897 3258 num.
912 3203 989 3259 vind.
1003 3223 1031 3273 p.
1045 3210 1093 3258 48:
1112 3198 1147 3256 τὰ
1165 3203 1222 3256 τῶν
1244 3198 1380 3256 τενόντων

211 3276 310 3330 fabren
349 3276 516 3356 dargestcllt
551 3292 653 3328 waren.
703 3275 771 3328 Man
824 3271 962 3344 σφάλματ’
992 3275 1032 3335 εἰς
1057 3269 1124 3336 code
1156 3268 1291 3343 ἐκγόνους
1317 3271 1381 3326 θεολ

210 3347 315 3428 pflegte
339 3347 379 3400 sie
405 3364 435 3399 m
462 3347 517 3400 den
541 3345 677 3414 Tempsin
707 3346 769 3399 der·
823 3345 964 3413 τρέπουσι.
1014 3345 1081 3400 Hor.
1110 3362 1194 3399 carm.
1227 3344 1280 3412 ΙΙΙ,
1305 3350 1333 3411 6,
1357 3359 1379 3397 1:

208 3417 326 3486 Jenigen
362 3416 528 3471 Gottheitcn
565 3416 769 3486 aufzuhungen,
824 3417 935 3472 Delicta
972 3417 1108 3472 maiorum
1135 3416 1287 3471 immeritus
1317 3415 1379 3482 zoa,

212 3489 303 3542 denen
322 3504 387 3540 man
410 3487 486 3541 aeine
506 3487 630 3556 Rettung
652 3505 686 3540 zu
708 3504 769 3542 ver·
824 3488 956 3542 Romane.

212 3557 324 3612 danken
343 3559 467 3627 glaubte.
496 3557 562 3611 Hor.
572 3573 655 3613 carm.
665 3559 685 3626 Ι,
697 3564 721 3626 5,
730 3575 769 3625 τις
860 3564 902 3614 23.
924 3559 1063 3612 Omirom
1077 3559 1240 3627 aequitatem
1258 3557 1381 3612 demum!

212 3631 263 3685 sat.
278 3629 312 3696 ΙΙ,
323 3636 346 3696 1,
356 3645 391 3684 aa.
823 3629 881 3682 Aue
895 3629 1045 3682 Plutarcho
1061 3629 1168 3683 Schrift
1182 3629 1216 3681 de
1232 3645 1284 3683 ser.
1309 3645 1380 3681 num.

248 3708 272 3756 9.
292 3703 339 3756 Ite
357 3703 397 3770 fit,
417 3699 479 3754 eine
497 3699 609 3754 Formcl
628 3700 677 3754 der
704 3717 769 3754 con·
823 3699 899 3756 vind.
923 3719 951 3770 p.
974 3706 1008 3756 66
1029 3699 1076 3781 fig.
1102 3701 1146 3754 ed.
1169 3699 1314 3768 Wyttenb.
1341 3714 1379 3752 er·

213 3773 314 3840 cessi03
334 3772 466 3827 ironisch.
823 3770 934 3825 kennen
948 3771 1007 3840 wir,
1021 3789 1075 3826 wrc
1090 3772 1136 3826 dic
1152 3770 1265 3826 Stoikcr
1278 3769 1380 3824 diesem

249 3850 291 3900 16.
313 3846 351 3900 ad
373 3860 533 3913 prosperam
559 3874 593 3884 —
620 3843 772 3912 [σιταιιιιιιι.
826 3842 966 3897 Einwurfe
991 3844 1178 3913 begegncten.
1227 3842 1273 3896 Sic
1298 3841 1380 3895 sehon

212 3914 323 3985 Wegen
341 3916 379 3969 od
397 3933 418 3971 s.
437 3934 459 3969 a.
475 3916 495 3982 1,
507 3920 531 3968 1.
827 3914 882 3968 den
914 3913 995 3968 Staat
1026 3931 1062 3968 an
1094 3916 1137 3968 als
1169 3912 1231 3967 eine
1267 3913 1379 3982 πρᾶγμα

250 3992 291 4042 18.
311 3987 412 4053 iuquit,
432 4004 452 4040 s.
467 4005 489 4040 τ.
505 3986 524 4053 Ι,
538 3992 597 4041 102.
827 3983 943 4054 συνεχὲς
978 3981 1071 4053 ὥσπερ
1109 3986 1193 4051 ζῶον,
1239 3983 1297 4037 und
1337 3981 1379 4036 die

250 4063 290 4112 19.
300 4075 401 4127 ιιιαφιιιι
410 4059 492 4126 calpa
503 4063 548 4111 est.
577 4055 659 4109 Nach
674 4055 773 4110 diesen
826 4055 1016 4110 menschlicbe
1051 4040 1241 4110 Geseilschaft
1271 4055 1314 4108 als
1338 4053 1380 4106 ein

126 4189 129 4195 ¹
212 4127 332 4182 Wortcn
358 4130 489 4182 erwartet
517 4143 583 4180 man
609 4126 690 4180 einen
719 4126 771 4182 Ge·
826 4122 971 4181 πολιτικὸν
986 4123 1120 4195 σύστημα,
1140 4126 1170 4180 in
1184 4126 1321 4180 walchem
1334 4123 1380 4177 der

213 4199 325 4252 danken
344 4197 411 4252 wie:
430 4200 456 4252 si
473 4199 628 4259 inscientes,
650 4199 773 4266 aliquam
827 4196 951 4252 einzelne
988 4198 1034 4251 ein
1070 4197 1154 4252 Glied
1191 4198 1241 4252 des
1273 4195 1380 4250 Ganzen

212 4270 313 4323 babent
330 4271 536 4324 eoecusationem.
562 4268 697 4323 Dersclbe
711 4267 774 4323 l'asst
827 4269 926 4324 bildet.
984 4267 1047 4322 Wie
1083 4269 1175 4324 dieser
1210 4285 1268 4321 nun
1303 4267 1381 4320 nebst

214 4337 275 4391 sich
298 4338 402 4405 jedooh
430 4338 519 4392 leicht
544 4355 594 4393 aus
620 4339 685 4394 dem
709 4339 772 4394 Pol·
828 4339 926 4393 seincn
939 4339 1152 4394 Nachkommen
1166 4337 1263 4392 Anteil
1277 4354 1313 4392 an
1322 4337 1380 4390 dem

214 4407 326 4474 genden
344 4413 489 4476 ergunzen.
828 4409 922 4464 (futen
934 4411 997 4478 hat,
1008 4411 1109 4466 desscn
1124 4410 1185 4464 sich
1200 4408 1247 4463 die
1257 4407 1380 4463 Gesamt·
