3059 4917
515 251 583 308 LIB.
598 253 632 307 ΙΙ.
648 250 724 306 ΟΑΡ.
740 257 853 308 23-25.
873 258 888 318 ξ
904 256 1018 306 61-64.
1288 259 1347 321 131

176 440 243 482 non
267 440 355 502 eum,
378 438 474 502 quem
497 415 603 480 nostri
626 415 765 479 maiores
790 419 928 500 auguste
948 419 1123 499 sancteque
1142 437 1216 479 cum
1235 413 1350 480 Cerere

177 511 210 571 et
232 505 352 570 Libera
382 508 664 588 consecraverunt,
697 504 784 588 quod
814 504 909 588 quale
944 503 1001 588 sit,
1031 526 1070 567 ex
1102 503 1269 588 mysteriis
1301 505 1349 568 in-

176 595 288 678 tellegi
310 598 430 679 potest.
478 592 542 658 sed
566 593 652 677 quod
676 615 715 658 ex
732 593 829 656 nobis
847 596 944 656 natos
968 588 1113 656 ‘liberos’
1139 593 1350 677 appellamus

175 684 296 748 idcirco
321 681 437 748 Cerere
459 682 531 746 nati
552 681 714 746 nominati
746 685 823 746 sunt
846 681 944 745 Liber
976 687 1009 746 et
1032 681 1164 766 Libera,
1197 682 1284 766 quod
1316 682 1351 745 in

144 773 294 837 sLibera
323 775 468 856 servant,
498 771 533 834 in
562 769 681 835 Libero
711 792 779 834 non
807 767 918 855 item),
947 770 1024 834 hinc
1054 770 1153 848 etiam
1182 769 1351 853 Romulus

176 884 273 946 quem
302 861 432 946 quidem
464 860 601 924 eundem
633 882 703 924 esse
737 857 910 933 Quirinum
940 863 1072 944 putant3
1105 881 1244 944 quorum
1277 882 1350 924 cum

175 953 381 1014 remanerent
405 949 505 1014 animi
528 952 626 1033 atque
658 947 853 1012 aeternitate
884 947 1083 1034 fruerentur,
1115 949 1178 1012 rite
1210 948 1244 1012 di
1273 953 1351 1012 sunt

176 1038 299 1123 habiti,
323 1061 396 1104 oum
416 1043 448 1102 et
472 1037 589 1120 optimi
613 1041 722 1100 essent
746 1041 780 1100 et
802 1036 935 1101 aeterni.

265 1127 342 1191 Alia
365 1149 493 1211 quoque
517 1148 556 1190 ex
578 1125 718 1210 ratione,
742 1129 776 1189 et
795 1125 925 1210 quidem
943 1125 1092 1210 physica,
1116 1147 1237 1212 magna
1254 1126 1350 1190 fluxit
1369 1139 1403 1187 63

133 1238 159 1277 ro
177 1216 354 1280 multitudo
378 1217 521 1299 deorum,
552 1214 607 1299 qui
637 1214 744 1278 induti
777 1214 884 1298 specie
913 1213 1056 1278 humana
1084 1214 1212 1279 fabulas
1242 1216 1349 1298 poetis

178 1304 480 1388 suppeditaverunt,
516 1302 686 1367 hominum
718 1307 828 1367 autem
857 1302 961 1367 vitam
993 1303 1227 1386 superstitione
1261 1304 1350 1368 omni

176 1393 384 1459 referserunt.
429 1392 539 1476 Atque
561 1391 615 1456 hio
638 1392 728 1456 locus
753 1415 773 1455 a
796 1390 923 1455 Zenone
946 1395 1107 1456 tractatus
1130 1396 1207 1476 post
1235 1417 1254 1457 a
1278 1391 1349 1457 Ole-

176 1481 276 1546 anthe
300 1485 333 1546 et
353 1479 537 1566 Chrysippo
561 1480 709 1564 pluribus
733 1480 842 1544 verbis
862 1481 1042 1564 explicatus
1062 1485 1121 1545 est.
1145 1480 1232 1545 Nam
1255 1485 1349 1547 vetus

175 1570 256 1635 haec
280 1569 391 1654 opinio
416 1569 585 1634 Graeciam
609 1569 755 1653 opplevit
783 1590 853 1633 esse
882 1574 1048 1634 exsectum
1072 1567 1206 1634 Caelum
1233 1594 1253 1635 a
1280 1570 1349 1635 filio

132 1679 157 1720 15
177 1657 333 1744 SaturnO,
355 1659 502 1723 vinctum
526 1662 636 1723 autem
656 1655 834 1722 Saturnum
852 1658 961 1741 ipsum
979 1682 999 1723 a
1016 1658 1085 1722 filio
1100 1657 1185 1723 Iove.
1208 1658 1350 1744 Physica
1369 1672 1404 1721 64

175 1747 261 1813 ratio
284 1770 352 1811 non
373 1747 541 1834 inelegans
564 1747 692 1810 inclusa
715 1751 766 1811 est
797 1747 833 1810 in
854 1747 972 1830 impias
1002 1746 1144 1832 fabulas3
1177 1749 1351 1812 caelestem

176 1837 263 1900 enim
286 1836 482 1900 altissimam
505 1835 748 1919 aetheriamque
770 1840 938 1920 naturam,
961 1835 995 1899 id
1022 1841 1073 1900 est
1095 1836 1239 1922 igneam,
1268 1860 1350 1922 quae

174 1947 235 2009 per
257 1947 327 1989 sese
352 1925 461 1989 omnia
484 1924 648 2010 gigneret,
671 1946 787 1989 vacare
809 1924 983 1988 voluerunt
1010 1947 1048 1988 ea
1073 1929 1168 2008 parte
1195 1926 1350 2010 corporis,

177 2035 259 2098 quae
284 2013 511 2078 coniunctione
534 2013 668 2077 alterius
693 2017 804 2098 egeret
827 2013 868 2076 ad
881 2014 1135 2096 procreandum.
1172 2013 1349 2079 Saturnum
1369 2015 1413 2080 25

131 2123 159 2162 so
177 2105 288 2166 autem
311 2123 385 2166 eum
409 2123 479 2166 esse
501 2101 687 2186 voluerunt,
711 2101 767 2186 qui
791 2124 921 2166 cursum
945 2106 978 2165 et
1001 2102 1245 2166 conversionem
1276 2126 1348 2187 spa-

177 2190 299 2255 tiorum
328 2212 365 2254 ac
388 2195 573 2274 temporum
604 2191 800 2275 contineret,
832 2190 888 2275 qui
918 2190 996 2254 deus
1027 2190 1148 2254 Graece
1178 2191 1212 2255 id
1240 2191 1350 2274 ipsum

175 2301 297 2344 nomen
319 2278 431 2364 habet3
455 2275 589 2363 Κρόνος
613 2279 699 2344 enim
723 2279 856 2364 dicitur,
885 2279 941 2364 qui
969 2283 1020 2344 est
1041 2279 1128 2342 idem
1155 2276 1290 2364 χρόνος,
1316 2281 1351 2344 id

176 2373 227 2433 est
251 2368 394 2452 spatium
418 2367 584 2452 temporis.
631 2367 791 2434 Saturnus
819 2372 929 2432 autem
958 2372 1008 2432 est
1036 2368 1219 2451 appellatus
1226 2420 1235 2453 ,
1263 2370 1351 2453 quod
1377 2373 1379 2379 '

176 2461 379 2522 saturaretur
402 2457 510 2542 annis3
534 2479 573 2522 ex
596 2479 630 2522 se
655 2457 742 2522 enim
764 2462 860 2522 natos
885 2479 1029 2522 comesse
1056 2457 1194 2542 fingitur
1223 2458 1351 2544 solitus,

214 2658 237 2703 1.
257 2666 317 2704 arm
349 2649 443 2704 Cerere
473 2655 499 2705 st
529 2651 641 2706 Libera.
681 2649 735 2703 Ein
790 2676 817 2696 =
831 2645 970 2718 Οὐρανός,
988 2651 1082 2704 auerst
1098 2648 1146 2704 bei
1164 2649 1271 2704 Ennius
1287 2667 1349 2705 vcr-

176 2719 380 2788 gemeinsamer
394 2719 512 2790 Tempel
530 2721 580 2775 der
593 2720 671 2775 Ocres
685 2720 734 2774 des
789 2720 949 2775 kommend.
980 2720 1034 2774 Zur
1053 2719 1143 2774 Sache
1166 2721 1224 2789 ng
1243 2720 1350 2775 Hesiod

176 2790 261 2844 Liber
283 2791 343 2844 und
367 2790 417 2844 der
439 2791 542 2846 Libera
563 2791 660 2846 wurde
683 2798 734 2847 496
789 2791 884 2860 thecg.
906 2797 956 2846 159
975 2791 1022 2860 flg.

178 2876 231 2914 von
249 2860 281 2914 A.
300 2860 462 2914 Postumius
480 2860 554 2915 nach
573 2862 637 2915 dem
652 2861 735 2930 Siege
826 2868 868 2918 15.
887 2863 1011 2933 Physica
1030 2863 1104 2917 ratio
1128 2879 1185 2917 son
1210 2863 1351 2933 iseleyass

178 2947 223 2984 am
247 2930 300 2985 See
322 2927 451 3000 Regillus
477 2932 576 3000 gelobt
600 2933 658 2986 und
683 2939 735 2987 493
786 2929 862 2988 ‘eine
898 2932 1103 3002 scharfsiunige
1140 2933 1349 3004 naturphiloso·

177 3018 234 3057 von
259 3001 323 3056 dem
341 3001 450 3056 Konsul
478 3001 526 3072 Sp.
540 3000 652 3058 Cassius
677 3003 735 3059 ein·
789 3003 908 3074 phische
924 3000 1105 3073 Erwagung'.
1134 3003 1244 3074 ngen
1257 3004 1352 3060 dieser

177 3071 309 3143 geweiht.
387 3105 398 3114 s
790 3075 958 3145 Bedeutung
984 3092 1040 3129 von
1066 3077 1205 3146 irrelepass
1232 3077 1289 3146 vgl.
1313 3078 1349 3131 de

212 3145 332 3213 rxquocz
359 3144 392 3198 r's
417 3143 520 3200 Lstsra
546 3151 656 3200 seruant
681 3149 734 3203 etc.
789 3145 836 3200 fin.
856 3147 890 3214 ΙΙ,
903 3151 950 3200 26:
970 3147 1065 3201 divisa
1089 3148 1268 3217 increparem
1294 3150 1352 3204 duo

176 3214 321 3270 W'ahrend
357 3231 422 3268 man
460 3215 505 3270 die
538 3215 736 3286 Bezeichnung
790 3219 862 3271 esim
884 3234 983 3287 ysam
1000 3234 1070 3286 quac
1092 3225 1184 3286 aaut,
1201 3221 1267 3286 feeit
1284 3222 1348 3274 trau.

172 3281 320 3340 ‘Tochter'
336 3283 434 3368 (Κόρη)
447 3287 492 3340 fr'ir
502 3285 547 3340 die
556 3287 736 3358 Persephone
826 3293 869 3344 20.
882 3289 1078 3358 spatiorumac
1091 3295 1249 3359 temporum,
1264 3290 1348 3344 datur

176 3358 300 3484 iim)
319 3357 482 3427 beibehrelt‚
503 3357 591 3412 denkt
610 3375 676 3412 man
689 3358 737 3412 bei
790 3361 879 3414 unten
896 3366 1045 3428 temporum
1062 3361 1162 3429 spatia

203 3430 261 3484 ibes
277 3428 359 3482 nicht
376 3429 456 3482 mehr
480 3445 517 3483 an
544 3429 599 3483 den
627 3429 737 3500 Begriff
824 3436 867 3485 21.
887 3425 1195 3501 contineret‘bedings'.
1214 3432 1350 3502 Nagelsb.

171 3493 272 3554 ‘Sohn'
299 3500 360 3570 (der
385 3499 487 3570 Ceres).
514 3532 547 3540 -
574 3499 683 3570 Wegen
703 3503 735 3556 irs
788 3500 849 3556 Lat.
865 3501 904 3556 St.
919 3506 1006 3567 5112.

176 3587 196 3624 s.
209 3570 229 3638 1,
242 3577 275 3625 ‘to
290 3589 312 3625 a.
327 3573 359 3625 irs
380 3571 480 3626 Venere
498 3571 561 3627 Coa.
825 3579 867 3628 22.
888 3573 937 3641 qui
954 3579 992 3627 est
1009 3573 1080 3628 idem
1098 3571 1206 3643 χρόνος.
1238 3572 1351 3643 Κρόνος

212 3647 237 3696 6.
257 3658 372 3710 quorum
386 3658 447 3697 cum
464 3645 733 3712 remanerent=qui,
789 3644 879 3712 hangt
897 3642 1033 3697 vielmehr
1056 3643 1110 3698 mit
1136 3647 1243 3713 κραίνω
1263 3642 1347 3701 ‘roll-

176 3727 238 3765 csm
256 3728 361 3780 sorren,
380 3730 400 3767 s.
422 3713 443 3782 I,
463 3719 496 3767 12
516 3732 537 3770 z.
557 3730 626 3783 quac
645 3716 735 3783 perci-
790 3709 892 3768 enden’
912 3731 1084 3785 zusammen,
1108 3732 1138 3770 es
1156 3715 1195 3770 ist
1210 3717 1270 3770 also
1285 3712 1351 3771 ‘der

171 3787 311 3850 pessmus.
790 3785 861 3839 alles
883 3784 1091 3856 Vollendende,
1115 3786 1185 3840 alles
1204 3787 1348 3841 Vollbrin-

212 3857 237 3906 9.
267 3858 292 3907 et
360 3854 431 3908 idem
453 3855 578 3925 physica,
610 3854 734 3911 insofem
789 3851 898 3924 gende'.

176 3937 242 3976 man
256 3921 302 3977 die
344 3923 500 3979 aturkrtfte
514 3925 733 3995 personifizierte
824 3933 867 3981 24.
886 3927 1348 3998 quodsatmareturanmaGegen

175 3994 234 4048 und
259 3991 299 4048 sie
327 4012 361 4048 zu
386 3993 506 4050 cessem
533 3997 628 4054 erhob.
665 3996 734 4052 Dies
789 3997 866 4053 diese
885 3997 1063 4068 Etymclogie
1076 3998 1285 4068 sprichtschon
1300 4001 1349 4056 die

176 4065 294 4120 suchten
312 4064 359 4120 die
377 4064 490 4120 Stoiker
516 4067 669 4123 besondsrs
697 4085 734 4122 an
787 4068 943 4138 Ltngeder
958 4073 1049 4124 ersten
1063 4069 1141 4124 Silbe
1153 4069 1348 4140 inseremus,

175 4135 280 4191 Homer
303 4137 363 4190 und
380 4136 495 4190 Hesiod·
512 4137 732 4195 nachzuweisen.
788 4141 957 4194 entstsnden
995 4157 1046 4194 aus
1082 4140 1235 4196 Saoterum
1275 4145 1349 4197 statt

174 4195 250 4290 Uber
268 4206 315 4262 dis
333 4207 393 4275 Art,
413 4207 466 4262 wie
486 4207 526 4263 sie
550 4207 628 4264 disse
646 4209 732 4265 inter·
787 4210 978 4280 Sc-je-tursus
995 4212 1064 4282 (ng.
1082 4215 1140 4280 got.
1157 4212 1240 4281 sajus
1259 4218 1349 4284 saon).

174 4281 342 4348 prenomen,
361 4279 418 4350 vgl.
434 4280 454 4348 Ι,
466 4286 499 4334 36
514 4297 540 4334 u.
555 4285 599 4334 41.
787 4282 888 4336 Besser
905 4283 994 4337 Varro
1009 4283 1028 4337 l.
1038 4283 1069 4338 L.
1078 4283 1111 4352 V,
1122 4291 1169 4338 64:
1192 4301 1211 4338 a
1228 4290 1292 4339 rats
1309 4291 1351 4341 cst

212 4356 254 4404 13.
272 4351 358 4418 Nam,
372 4368 393 4405 s.
409 4351 431 4420 Ι,
445 4357 479 4406 25
498 4369 520 4406 z.
537 4353 634 4406 itales
652 4353 732 4407 esim.
787 4354 887 4420 dictus,
905 4370 936 4407 er
953 4354 992 4407 ist
1009 4355 1068 4410 also
1083 4355 1282 4426 ursprr'inglich
1296 4355 1349 4411 der

211 4425 253 4476 14.
264 4421 473 4489 Caelum,Nom.
485 4423 733 4494 Ouelustsilttss)
787 4423 856 4477 Gott
874 4425 925 4478 der
943 4424 1054 4480 Saaten.

1095 4514 1133 4567 9*
