3059 4917
515 277 582 333 Lm.
598 277 619 333 1.
635 275 710 332 CAP.
726 283 755 345 ο,
771 283 795 331 7.
814 282 829 343 s
845 282 958 333 13-16.
1285 280 1326 345 31

154 465 347 530 progressus
380 442 522 507 habebat
545 442 581 505 in
604 440 739 526 Stoicis,
781 445 820 504 ut
852 462 925 504 cum
958 440 1190 505 excellentibus
1222 442 1257 504 in
1289 464 1327 507 eo

156 555 272 621 genere
296 531 428 596 Graecis
453 534 705 615 compararetur.
746 528 845 614 Tun,
867 532 905 592 ut
928 551 980 594 me
1004 526 1103 594 Cotta
1124 530 1220 614 vidit,
1251 529 1326 594 Per·

156 626 350 707 opportune,
374 620 495 705 inquit,
514 620 620 705 venis,
640 619 744 683 oritur
764 619 851 683 enim
873 617 955 681 mihi
978 640 1099 704 magna
1117 619 1155 683 de
1179 641 1214 683 re
1232 620 1328 683 alter-

155 711 239 777 catio
264 732 337 775 cum
361 708 502 795 Velleio,
535 709 587 773 cui
614 730 674 792 pro
707 712 764 772 tuo
798 707 906 772 studio
938 728 1006 771 non
1038 712 1089 772 eet
1121 708 1262 772 alienum
1295 712 1366 818 te7

122 801 321 865 sinteresse.
366 796 477 882 Atque
510 796 592 861 mihi
624 818 753 882 quoque
785 796 910 881 videor,
940 796 1087 881 inquam,
1116 797 1258 882 venisse,
1290 801 1328 862 ut
1348 854 1382 903 16

153 889 248 973 dicis,
281 890 473 972 opportune.
524 886 603 951 Tres
637 886 724 949 enim
756 885 858 952 trium
890 884 1136 969 disciplinarum
1164 886 1327 971 principes

155 976 363 1044 convenistis.
410 974 452 1040 M.
472 980 581 1040 autem
604 973 681 1039 Piso
713 973 741 1038 si
772 974 915 1058 adesset,
946 974 1067 1038 nullius
1091 973 1328 1061 philosophiae,

157 1088 268 1130 earum
301 1065 443 1149 quidem,
477 1087 558 1149 quae
590 1064 626 1128 in
656 1062 782 1127 honore
815 1067 905 1148 sunt,
936 1068 1068 1128 vacaret
1100 1064 1198 1129 locus.
1245 1064 1328 1129 Tum

158 1152 269 1219 Cotta:
294 1152 338 1237 Si,
361 1153 481 1238 inquit,
504 1153 586 1217 liber
609 1151 767 1217 Antiochi
789 1152 910 1236 nostri,
941 1153 997 1237 qui
1027 1152 1068 1216 ab
1100 1174 1138 1217 eo
1160 1176 1264 1237 nuper
1287 1153 1328 1217 ad

111 1262 138 1301 ro
156 1242 243 1307 hunc
265 1237 406 1307 Balbum
429 1242 548 1307 missus
579 1246 641 1328 est,
674 1263 749 1306 vera
779 1240 941 1325 loquitur,
972 1240 1056 1305 nihil
1079 1245 1142 1326 est,
1167 1243 1253 1327 quod
1275 1240 1329 1306 Pi·

158 1353 283 1415 sonem,
306 1330 502 1396 familiarem
520 1335 626 1415 tuum,
644 1330 821 1414 desideres,
839 1329 1005 1394 Antiocho
1026 1330 1112 1394 enim
1132 1328 1235 1396 Stoici
1254 1353 1328 1396 cum

156 1420 385 1504 Peripateticis
409 1442 444 1484 re
468 1420 635 1485 concinere
658 1419 822 1504 videntur,
845 1419 953 1484 verbis
977 1419 1172 1505 discrepare,
1201 1442 1266 1504 quo
1290 1421 1328 1485 de

155 1508 254 1593 libre,
282 1508 398 1593 Balbe,
430 1508 528 1573 velim
551 1508 634 1573 scire
666 1508 744 1593 quid
776 1508 908 1572 sentias.
953 1507 1093 1594 Egone?
1125 1508 1233 1593 inquit
1264 1509 1329 1575 ille.

155 1596 258 1662 Miror
280 1596 495 1683 Antiochum,
518 1597 685 1662 hominem
716 1596 752 1661 in
783 1597 899 1681 primis
931 1601 1077 1682 acutum,
1109 1619 1176 1661 non
1207 1598 1328 1664 vidisse

111 1706 137 1747 ιο
154 1686 314 1751 interesse
327 1686 506 1770 plurimum
524 1686 610 1751 inter
629 1684 772 1771 Stoicos,
796 1685 852 1771 qui
869 1685 1009 1751 honesta
1027 1709 1047 1751 a
1065 1687 1243 1751 commodis
1261 1709 1329 1752 non

154 1776 300 1860 nomine,
331 1776 386 1840 sed
416 1797 534 1861 genere
567 1780 639 1840 toto
669 1774 892 1861 diiungerent,
928 1779 962 1839 et
991 1773 1242 1861 Peripateticos,
1272 1776 1329 1861 qui

154 1863 294 1930 honesta
318 1864 566 1929 commiscerent
589 1887 663 1929 cum
686 1863 878 1948 commodiS,
906 1868 943 1929 ut
966 1886 1004 1929 ea
1026 1863 1114 1929 inter
1141 1887 1175 1929 se
1205 1865 1330 1951 magni·

156 1953 268 2017 tudine
292 1958 325 2018 et
348 1953 443 2038 quasi
466 1953 637 2040 gradibus,
664 1975 731 2018 non
758 1974 876 2039 genere
904 1952 1078 2017 differrent.
1124 1952 1214 2018 Haec
1242 1954 1329 2018 enim

158 2046 209 2107 est
243 2064 310 2107 non
341 2043 515 2108 verborum
546 2065 660 2127 parva,
707 2042 763 2107 sed
799 2064 908 2106 rerum
945 2063 1124 2127 permagna
1160 2043 1329 2108 dissensio.

196 2328 219 2378 1.
248 2323 280 2379 in
301 2322 413 2391 ›Stoicia
436 2323 575 2377 Neutrum
597 2318 640 2376 ‘in
667 2323 716 2378 der
770 2322 1330 2394 adAtt.'VH,12,o:DemetriiMa9netis

158 2393 301 2448 stoischen
318 2392 524 2464 Philosophie'.
557 2394 635 2450 Brut.
651 2399 715 2449 114:
770 2395 885 2462 librum,
909 2410 1000 2463 onem
1017 2396 1060 2450 nd
1073 2400 1103 2450 te
1122 2396 1227 2463 misit,
1250 2396 1330 2451 celim

151 2481 239 2535 prope
253 2466 391 2534 perfectas
409 2467 441 2520 in
459 2466 565 2521 Stoicis.
770 2466 839 2520 milri
856 2467 956 2521 mittas.

192 2543 217 2592 7.
236 2536 276 2592 M.
291 2537 401 2608 Pupius
419 2537 484 2591 Piso
498 2536 715 2607 Calpurnianus,
807 2543 849 2591 13.
869 2536 985 2607 Epona?
1004 2538 1250 2606 ecnnideentiam.
1265 2536 1328 2592 Wir

156 2606 266 2662 Koneul
290 2607 330 2661 im
354 2608 440 2661 Jahre
466 2614 513 2676 61,
537 2624 595 2662 war
621 2608 717 2663 fn'iher
771 2608 951 2678 gebrauchen
974 2608 1099 2663 dieselbe
1119 2608 1238 2679 Ellipse.
1260 2608 1327 2677 Vgl.

157 2678 211 2732 mit
227 2676 324 2735 Cicero
343 2678 521 2746 befreundet‚
540 2678 716 2735 vorfeindete
770 2679 818 2744 Ill,
834 2685 860 2733 8.

159 2749 220 2803 sich
254 2750 322 2805 aber
359 2752 455 2820 sp'ater
490 2750 543 2804 mit
578 2749 639 2805 ihm
674 2750 716 2805 in·
807 2756 850 2805 15.
868 2751 995 2804 interesse
1004 2750 1165 2817 plnrimnm.
1184 2749 1265 2803 Nach
1278 2749 1330 2804 der

158 2819 236 2889 folge
250 2820 340 2875 seinos
349 2820 640 2877 freundschaftlichen
647 2822 715 2876 Ver·
772 2820 915 2875 etoirchen
932 2819 1020 2873 Ethik
1037 2818 1076 2873 ist
1090 2819 1136 2874 dio
1146 2819 1265 2888 Tugend
1278 2820 1328 2874 dae

159 2890 311 2945 haltnieses
330 2909 364 2946 au
378 2891 501 2947 Clodius.
533 2892 570 2946 Er
588 2909 647 2945 war
659 2892 715 2947 An·
772 2890 880 2961 einzige
899 2889 1047 2944 wirkliche
1065 2888 1134 2954 cut,
1154 2890 1204 2944 das
1219 2889 1328 2945 Unsitt-

160 2961 268 3031 bangor
286 2962 336 3016 der
349 2963 589 3033 peripatetiechen
604 2962 715 3031 Schule,
770 2962 846 3018 liche
874 2962 924 3015 das
953 2959 1061 3030 einaige
1084 2960 1230 3015 wirkliche
1248 2950 1328 3017 llbel.

161 3031 203 3086 als
226 3032 369 3090 Vertreter
394 3034 543 3089 derselben
564 3034 666 3090 nimmt
688 3051 718 3089 er
771 3032 835 3088 Alle
861 3033 984 3087 anderen
1008 3032 1113 3101 Dinge‚
1148 3034 1200 3087 wie
1226 3032 1328 3101 Leton,

159 3102 191 3158 in
218 3102 327 3159 Ciceros
351 3105 457 3160 Schrift
483 3107 516 3161 dc
542 3107 646 3175 finibus
672 3122 718 3160 am
771 3103 955 3172 Gosundheit,
976 3103 1132 3159 Schonheit
1145 3104 1207 3158 sind
1222 3103 1329 3174 gleich-

159 3174 318 3245 Gesprtche
337 3178 396 3232 teil.
771 3175 869 3246 giltig,
897 3171 1044 3245 ἀδιάφορα
1063 3177 1271 3244 (indifferenter,
1294 3176 1330 3231 de

194 3250 490 3316 &damantionem
522 3254 595 3305 sant.
638 3248 717 3303 Dazu
771 3248 817 3303 fin.
832 3247 881 3315 111,
892 3252 949 3317 o3);
976 3245 1017 3301 sie
1045 3246 1109 3301 sind
1137 3248 1231 3302 weder
1259 3249 1331 3303 bona

158 3318 260 3441 &hort
278 3319 352 3373 auch
370 3319 416 3373 die
435 3335 537 3373 neuere
552 3318 716 3376 Akademie.
770 3319 846 3374 noch
863 3320 938 3374 malo
956 3318 1014 3372 und
1027 3336 1081 3372 nur
1094 3318 1220 3374 insofern
1234 3321 1328 3373 unter-

196 3404 251 3443 enn
271 3388 368 3444 Cicero
393 3390 470 3446 diese
497 3396 542 3456 §6
571 3390 634 3445 eine
661 3392 716 3446 dis-
772 3390 919 3458 echieden,
939 3388 996 3443 dall
1015 3388 1056 3444 eie
1074 3407 1111 3444 an
1129 3390 1187 3444 und
1206 3390 1250 3444 fur
1269 3388 1331 3444 sich

159 3460 265 3530 ciplinn
283 3461 388 3517 arena
406 3469 431 3517 et
448 3464 543 3519 relicto
564 3463 665 3530 nennt,
686 3478 716 3516 so
772 3461 1160 3517 entwederwdnechenswert
1175 3460 1330 3516 odernicht

158 3528 197 3585 ist
224 3530 275 3585 das
303 3532 370 3586 hein
395 3533 609 3604 Widerspruch‚
643 3534 718 3589 denn
771 3530 1332 3603 wlinschenswertsindnponype‘vcoder

158 3618 241 3656 wenn
255 3602 295 3656 sie
311 3604 384 3657 auch
394 3604 482 3659 durch
492 3604 648 3660 Antiochus
661 3620 718 3660 von
772 3600 994 3673 ἀποπροηγμένα
1000 3643 1009 3672 ,
1034 3605 1172 3660 commodo
1195 3604 1265 3658 oder
1286 3605 1331 3658 in·

159 3672 250 3727 ihrem
268 3673 401 3729 fri'iheren
414 3675 548 3731 Ansehen
563 3674 719 3745 eingebi'illt
772 3676 918 3730 commoda.
959 3674 1021 3729 Den
1043 3674 1271 3745 Peripatetilrem
1292 3674 1331 3729 ist

159 3744 253 3814 hatte,
275 3761 305 3800 so
324 3745 442 3815 gehorte
461 3746 502 3801 sie
521 3747 595 3802 doch
619 3746 718 3801 immet
772 3746 823 3800 das
849 3745 967 3800 hochste
993 3746 1050 3800 Gut
1080 3745 1126 3799 die
1152 3744 1330 3814 verniinftige

159 3832 194 3869 zu
213 3815 269 3870 den
286 3815 568 3887 haupts'achlichsten
583 3818 717 3874 Schulen:
773 3817 841 3872 oder
871 3816 1059 3887 tugendhalte
1084 3814 1250 3885 Thatigkeit
1280 3815 1331 3869 der

159 3901 244 3955 nsque
275 3888 313 3943 acl
341 3894 464 3944 noctram
492 3890 580 3961 eicon
605 3895 719 3946 aetatem
773 3888 866 3957 Seele,
885 3889 979 3970 ψυχῆς
998 3884 1126 3956 ἐνέργεια
1143 3883 1216 3940 κατὰ
1234 3882 1330 3955 lipom

160 3958 186 4027 (ξ
203 3960 255 4027 11).
773 3959 841 4014 aber
860 3960 950 4013 demit
968 3957 1030 4013 sich
1044 3958 1169 4012 diesclbe
1184 3959 1332 4027 ungentort

196 4034 220 4082 9.
239 4030 383 4099 Antiochi,
403 4048 423 4085 s.
439 4036 454 4097 ξ
469 4038 494 4088 6.
772 4030 879 4085 tultam
897 4030 1004 4097 ktnne,
1028 4028 1092 4082 sind
1109 4028 1184 4083 noch
1194 4027 1260 4097 jene
1274 4044 1332 4082 von

197 4103 239 4155 10.
259 4100 327 4156 liber
341 4132 375 4143 -
390 4104 490 4158 misene
508 4107 553 4158 eet.
577 4103 664 4157 Acad.
683 4104 717 4172 ΙΙ,
773 4103 830 4157 den
852 4100 985 4156 Stoikern
1010 4102 1055 4154 fur
1077 4097 1260 4170 gleichgiltig
1282 4116 1331 4169 ge-

161 4172 717 4243 1e=mereremindntiochus),quincon-
772 4173 908 4227 haltenen
921 4169 1009 4225 (tuter
1022 4170 1193 4241 notwendig,
1211 4170 1264 4226 wie
1277 4171 1331 4225 Ge·

160 4248 293 4297 trainam
303 4242 719 4315 doctoremffhilonem)librnm
774 4241 918 4309 cundheit,
937 4241 1098 4311 Reichtum,
1118 4243 1181 4297 edle
1196 4242 1331 4298 Ablmnft

161 4314 242 4368 neom
256 4316 354 4383 ederet,
370 4318 419 4384 qni
431 4316 533 4372 sores
548 4318 718 4372 inscribitur.
811 4320 853 4369 18.
863 4313 997 4384 aradibus
1008 4346 1041 4355 -
1048 4310 1331 4385 yenere‘quantitativ

161 4382 313 4454 -Wegen
323 4386 372 4441 der
381 4386 544 4442 bekannten
553 4387 721 4457 Bedeutung
776 4414 810 4426 -—
820 4381 996 4453 qualitativ'3
1006 4386 1063 4455 vgl.
1074 4385 1109 4440 de
1120 4387 1178 4456 opt.
1186 4402 1249 4455 gen.
1260 4385 1330 4439 orat.

161 4469 219 4509 ron
237 4456 341 4513 librum
360 4460 398 4515 ad
410 4459 528 4529 aliquem
541 4460 646 4515 mittere
663 4458 721 4527 vgl.
776 4463 806 4511 4:
825 4473 917 4513 rernm
928 4456 959 4512 tc
970 4458 1002 4527 fit
1013 4474 1070 4514 non
1081 4458 1225 4529 pennend
1233 4455 1330 4526 prada.
