3059 4917
213 253 276 319 180
596 247 646 302 DE
665 247 819 302 NATURA
836 248 999 304 DEORUM.

211 435 273 499 que
291 413 327 477 in
346 434 441 477 omne
459 416 627 496 posterum
646 415 789 496 tempus,
813 434 909 496 quae,
932 416 1086 496 quantae,
1106 412 1234 496 quando
1252 412 1382 477 futurae

213 502 288 567 sint.
336 501 424 578 Quae
454 507 610 565 contuens
634 500 761 564 animus
785 501 909 566 accedit
931 501 972 565 ad
996 501 1218 587 cognitionem
1241 501 1384 586 deorum,

213 615 230 656 e
262 614 326 675 qua
358 590 462 655 oritur
494 589 612 674 pietas,
645 589 697 653 cui
729 589 903 654 coniuncta
934 589 1063 654 iustitia
1094 594 1145 655 est
1176 589 1384 675 reliquaeque

211 680 364 764 virtutes,
397 701 413 743 e
447 679 563 764 quibus
586 678 655 743 vita
678 679 775 743 beata
804 678 935 743 exsistit
960 702 1021 763 par
1043 683 1077 743 et
1100 679 1217 743 similis
1241 679 1384 764 deorum,

212 769 302 833 nulla
325 768 389 833 alia
411 790 446 833 re
468 767 534 832 nisi
555 767 817 852 immortalitate,
841 790 923 851 quae
945 767 1030 831 nihil
1052 767 1093 832 ad
1110 768 1192 833 bene
1211 767 1384 833 vivendum
1404 787 1418 828 s

212 857 368 942 pertinet,
405 856 519 921 cedens
557 856 760 920 caelestibus.
816 854 941 931 Quibus
973 857 1070 922 rebus
1112 856 1269 941 expositis
1301 857 1383 922 satis

213 947 361 1011 docuisse
370 945 495 1029 videor,
508 944 650 1009 hominis
660 949 779 1010 natura
788 949 911 1029 quanto
922 967 1033 1010 omne
1044 945 1184 1009 anteiret
1192 945 1384 1011 animantes.
1519 986 1523 1079 Ι

213 1035 264 1099 Ex
287 1057 351 1119 quo
374 1035 471 1099 debet
492 1033 641 1119 intellegi
663 1055 723 1098 nec
746 1033 886 1118 figuram
905 1034 1068 1119 situmque
1087 1035 1307 1099 membrorum
1325 1057 1385 1100 nec

153 1137 203 1186 154
213 1123 337 1210 ingenii
346 1123 530 1208 mentisque
539 1123 606 1188 vim
616 1123 716 1187 talem
726 1121 813 1186 effici
822 1122 968 1207 potuisse
977 1123 1120 1189 fortuna.
1142 1122 1385 1208 Restat,utdo-

214 1235 303 1278 ceam
322 1217 419 1297 atquc
434 1212 607 1296 aliquando
627 1233 776 1295 perorem
795 1211 917 1296 omnia,
937 1235 1019 1296 quae
1037 1212 1155 1276 sintin
1172 1211 1235 1276 hoc
1255 1213 1384 1297 mundo,
1407 1233 1433 1272 ro

214 1302 331 1387 quibus
355 1305 489 1365 utantur
511 1300 673 1385 homines,
696 1299 867 1364 hominum
886 1323 984 1366 causa
1000 1300 1089 1365 facta
1111 1323 1182 1365 esse
1205 1305 1239 1365 et
1261 1306 1384 1386 parata.

153 1393 195 1457 62
301 1388 467 1481 Principio
489 1389 560 1474 ipse
583 1389 722 1454 mundus
746 1388 880 1454 deorum
902 1389 1136 1475 hominumque
1159 1412 1257 1454 causa
1278 1388 1385 1456 factus

214 1484 277 1563 est,
310 1501 455 1564 quaeque
486 1478 522 1543 in
549 1501 587 1543 eo
611 1481 700 1562 sunt,
733 1500 771 1542 ea
793 1483 908 1562 parata
930 1479 971 1543 ad
993 1477 1137 1543 fructum
1160 1479 1330 1543 hominum
1353 1484 1386 1544 et

214 1568 347 1632 inventa
383 1571 469 1632 sunt.
523 1567 585 1632 Est
621 1567 707 1630 enim
739 1567 878 1631 mundus
912 1567 1006 1652 quasi
1038 1568 1219 1632 communis
1252 1568 1411 1633 deorum⁴

215 1661 312 1741 atque
339 1655 508 1720 homiuum
536 1656 650 1720 domus
679 1660 736 1720 aut
762 1656 841 1720 urbs
864 1660 1086 1741 utrorumque.
1132 1654 1202 1721 Soli
1225 1657 1311 1722 enim
1334 1680 1384 1722 ra·
1407 1677 1433 1718 15

215 1745 304 1810 tione
339 1748 469 1808 utentes
505 1745 575 1808 iure
611 1766 649 1810 ae
684 1745 757 1830 lege
788 1745 910 1809 vivunt.
962 1744 1009 1810 Ut
1040 1745 1143 1831 igitur
1172 1743 1320 1810 Athenas
1352 1751 1386 1811 et

214 1833 489 1899 Lacedaemonem
510 1832 761 1898 Atheniensium
784 1834 1177 1918 Lacedaemoniorumque
1206 1856 1304 1900 eausa
1329 1857 1387 1918 pu-

214 1923 350 1987 tandum
369 1926 419 1987 est
438 1921 584 1986 conditas
609 1945 692 2007 esse,
716 1923 901 2008 omniaque,
926 1945 1007 2007 quae
1031 1923 1098 1988 sint
1117 1923 1153 1987 in
1170 1923 1221 1988 his
1240 1923 1386 2008 urbibus,

216 2034 327 2076 eorum
353 2011 549 2096 populorum
575 2015 663 2076 recte
686 2034 757 2076 esse
781 2012 946 2095 dicuntur,
976 2012 1036 2097 sic,
1066 2034 1286 2097 quaecumque
1310 2017 1387 2078 sunt

155 2101 250 2165 moin
276 2101 365 2164 omni
389 2100 522 2185 mundo,
550 2100 683 2165 deorum
706 2105 805 2185 atque
828 2100 997 2166 hominum
1019 2102 1164 2186 putanda
1187 2106 1270 2166 sunt.
1316 2101 1387 2168 Iam
1406 2123 1434 2163 ao

252 2300 275 2347 3.
295 2294 465 2361 reliquaeque
482 2295 610 2360 anates,
629 2293 703 2347 deun
727 2293 773 2348 die
863 2299 878 2360 5
916 2299 1065 2348 ros—161.
1120 2293 1180 2348 Die
1218 2293 1386 2364 specielle

215 2364 368 2431 Tugeuden
386 2362 450 2417 sind
467 2364 541 2418 nach
562 2364 612 2418 der
631 2363 775 2418 stoischen
828 2364 1000 2434 Fflrsorge
1019 2365 1079 2418 der
1097 2363 1219 2419 Gottcr
1245 2364 1299 2418 fur
1327 2366 1385 2419 das

216 2433 303 2488 Ethik
322 2435 410 2488 durch
429 2434 474 2487 ein
493 2450 578 2503 enges
603 2434 683 2488 Band
711 2451 773 2488 ver·
828 2434 1224 2504 Menschengeschlecht
1241 2434 1387 2491 beweist

215 2504 333 2574 kntipft,
365 2503 411 2557 die
444 2504 506 2559 cine
542 2504 582 2558 ist
617 2506 690 2559 ohne
727 2504 774 2559 die
828 2505 1081 2573 derUmstand,
1097 2505 1163 2560 dall
1177 2507 1266 2560 alles
1281 2507 1314 2561 in
1328 2507 1387 2561 dor

217 2575 419 2630 anderenicht
437 2575 578 2642 donkbar‚
607 2575 647 2630 sie
675 2575 775 2630 bilden
828 2576 1255 2631 WeltumderMenschcn
1269 2577 1387 2632 willon

216 2663 376 2702 zusammen
395 2646 440 2700 cin
455 2645 652 2701 einheitliches
665 2646 773 2702 Ganze:
828 2647 1035 2717 geschafleu
1053 2647 1107 2705 ist.

97 2727 101 2737 '
216 2721 373 2775 amoinus
385 2725 432 2786 cst,
451 2719 776 2788 urbiltoicaddipotcst,
867 2742 909 2791 10.
924 2743 1005 2806 atque
1018 2738 1306 2806 aliquandoperorcm,
1320 2754 1386 2792 man

216 2807 268 2875 quo
286 2791 374 2873 mauis
391 2789 479 2845 virm
496 2790 547 2874 sit,
559 2791 631 2844 hillel
650 2791 776 2872 <lemtim
830 2808 911 2862 hatte
926 2810 1063 2877 erwartet
1079 2806 1136 2862 dau
1151 2807 1388 2864 dieserGedanke

216 2867 327 2917 vinctis
362 2877 460 2916 nomeu
495 2863 669 2931 relinquatur
705 2860 774 2933 (Orc.
830 2879 894 2933 dem
932 2880 1182 2949 vorhergehenden
1217 2886 1249 2935 ut
1280 2881 1390 2936 doceam

216 2932 316 2986 Parad·
330 2933 378 3001 ΠῙ,
391 2935 447 3021 l)··
512 3004 517 3016 ,
750 3002 755 3014 ,
828 2951 1050 3018 untergeordnet
1068 2956 1149 3004 ware.
1191 2951 1388 3021 Vg1.111‚ao:

252 3009 277 3056 4.
297 3005 407 3060 deorum
425 3003 471 3057 hir
488 3011 560 3060 cotue
579 3005 704 3071 deorum,
728 3004 775 3086 dre
828 3022 861 3077 d,
876 3023 1022 3091 primaque
1039 3023 1169 3076 dmm,
1188 3053 1222 3062 .-
1236 3023 1388 3091 aliquando

216 3074 359 3129 bekannte
395 3075 478 3129 Form
515 3075 565 3130 der
602 3077 774 3144 comparatio
828 3093 956 3162 hqufiger
974 3092 1016 3146 als
1033 3093 1143 3147 tandem
1160 3094 1319 3162 aliquando,

724 3148 774 3202 c·
1072 3182 1263 3262 ΨΨ

253 3292 277 3341 5¹
296 3303 366 3355 ,uae
382 3287 454 3340 ,ihil
477 3317 509 3326 ,
530 3257 656 3356 ,mm
692 3287 774 3341 Nach
828 3251 1306 3323 D1eWelt1stnachOhrys1ppus,
1322 3254 1387 3309 dem

218 3356 267 3410 der
285 3356 404 3411 insius
423 3357 473 3410 uer
492 3355 603 3411 scona
626 3359 705 3428 stage
727 3357 774 3412 uie
828 3323 996 3378 P⁰⁸id⁰¹¹i¹¹⁸
1019 3322 1104 3394 f⁰¹8t
1132 3321 1163 3378 a
1183 3320 1215 3377 a
1233 3326 1313 3379 θεῶν
1339 3324 1389 3379 καὶ

217 3426 312 3496 Ltnge
331 3428 381 3482 der
398 3425 460 3480 Zeit
477 3426 570 3481 nichts
589 3427 637 3482 bei
656 3447 704 3482 zur
723 3428 773 3482 Er·
829 3391 992 3481 ἀνθρώπῳ
1030 3392 1157 3482 σύστημᾳ
1191 3394 1241 3448 καὶ
1271 3391 1303 3450 ἐκ
1332 3397 1390 3450 ¹⁰3⁹

217 3497 334 3579 hahung
372 3498 421 3552 der
457 3496 683 3568 Gluekseligkeic
724 3500 774 3567 ees
827 3464 1037 3590 &²212va
1050 3485 1217 3592 ἶεγθζξέων·
1244 3466 1321 3521 suu.
1337 3467 1390 3522 ³⁰¹·

218 3567 340 3623 Wersen.
377 3569 440 3624 Son.
462 3577 619 3638 op.‘13‚1s:
644 3571 775 3640 Juppiter
842 3555 892 3606 ’p’
962 3578 967 3589 “
1030 3542 1099 3638 315
1168 3580 1175 3591 '

218 3656 270 3710 quo
279 3642 413 3696 antecedit
425 3641 516 3696 cirum
531 3641 652 3696 bocum?
668 3643 776 3698 diutius
865 3630 908 3680 ¹4·
928 3641 1077 3679 mmmm
1095 3654 1130 3665 ··
1148 3627 1261 3710 domus,
1287 3644 1309 3681 ⁸·
1324 3630 1339 3692 i
1355 3632 1389 3683 ⁷8

219 3714 305 3768 bocas
318 3718 364 3766 est.
389 3711 502 3781 Septem
515 3714 603 3768 albeto
620 3713 777 3768 semicuris
830 3715 852 3750 ἦ·
867 3702 900 3751 1⁴⁶
917 3712 1082 3752 mmmm
1100 3713 1156 3752 fem
1170 3699 1321 3767 Wblwam·

218 3785 355 3851 autimas,
374 3784 446 3852 quod
463 3785 576 3840 uirtutes
602 3785 660 3840 aas
685 3785 776 3854 matio
867 3789 908 3839 19.
927 3790 996 3838 recte
1014 3801 1068 3839 esse
1084 3786 1232 3855 dicamur,
1256 3803 1323 3840 man
1348 3802 1390 3840 er·

220 3856 337 3910 breviore
356 3856 531 3911 clauduntur.
560 3855 601 3908 De
619 3856 665 3910 fin.
679 3855 774 3923 lues:
829 3856 930 3908 wartet
946 3871 1000 3909 esse
1017 3863 1086 3911 recte
1104 3858 1243 3914 dicuutur.
1276 3858 1389 3915 Ebenso

218 3932 299 3996 ueqct
328 3928 400 3981 euim
430 3928 490 3996 (qui
519 3928 617 3982 bouum
644 3943 720 3982 omne
744 3928 776 3982 iu
829 3925 912 3980 heillt
925 3942 955 3980 os
970 3925 1105 3983 Laelwz
1119 3930 1390 3985 rcthrcntcaritotcm

218 3999 318 4051 oium
336 3999 429 4066 ponit)
452 4014 556 4054 summo
579 4000 648 4054 bono
668 3998 777 4066 adferre
829 3999 862 4052 iu
889 4004 1027 4066 pastores,
1059 4015 1126 4069 queue
1160 4007 1255 4070 patres
1290 4001 1390 4054 modos

219 4069 411 4123 incrementum
429 4069 508 4124 diem.
829 4085 918 4124 anuos
935 4085 990 4125 csse
1007 4070 1147 4127 ducenos
1165 4071 1210 4125 fur
1291 4086 1317 4125 es
1334 4084 1390 4124 esse

255 4144 279 4193 8.
294 4140 427 4208 situmque
435 4142 623 4207 membrorum,
633 4139 679 4194 die
690 4139 774 4210 Lago,
828 4141 929 4195 multos
946 4157 1035 4198 armos
1052 4143 1198 4197 ducerent.
1249 4159 1278 4196 er
1291 4139 1389 4196 Grund

220 4207 266 4261 die
287 4208 415 4278 Stellung
434 4210 485 4264 dor
503 4210 647 4265 einzelnen
662 4210 776 4266 Glieder
829 4211 875 4265 h‘ir
894 4211 955 4266 eine
974 4212 1116 4283 derartige
1130 4213 1337 4282 Wortstellung
1350 4209 1391 4266 ist

220 4277 400 4346 minander,
426 4279 453 4334 d.
470 4279 489 4336 i.
508 4280 570 4335 ihre
592 4282 774 4352 Anordnung,
830 4281 912 4337 darin
931 4301 964 4336 zu
983 4285 1103 4353 suchen,
1133 4282 1190 4338 dall
1209 4282 1306 4338 Cicero
1334 4284 1391 4338 den

219 4347 265 4400 ihr
282 4348 349 4402 Bau.
377 4349 488 4404 Ebenso
503 4351 585 4406 Tuae.
599 4352 620 4420 l,
631 4359 677 4406 41:
696 4370 776 4408 meno
828 4353 933 4409 Infinit.
943 4370 997 4410 esse
1006 4371 1061 4425 eng
1070 4355 1123 4409 mit
1132 4355 1197 4409 dem
1205 4354 1391 4424 regierenden

218 4418 330 4472 cruam
347 4421 417 4474 situs
434 4426 459 4475 et
475 4423 567 4492 fiquro
585 4424 712 4492 eorporis.
829 4423 954 4480 Verbum
966 4443 1001 4480 zu
1015 4426 1168 4481 verbinden
1182 4425 1390 4495 gewohntwar.
