3059 4917
208 258 251 324 28
595 252 643 307 nn
662 252 995 307 nsruasonoaun.

210 418 411 483 desertarum
434 417 686 502 relictarumque
708 438 818 481 rerum
840 417 1059 502 patrocinium
1079 416 1294 501 suscepimus3
1316 438 1389 481 non

210 508 296 572 enim
318 506 489 571 hominurn
511 505 648 571 interitu
667 506 848 571 sententiae
867 528 996 591 quoque
1015 505 1180 591 occidunt,
1203 505 1259 570 sed
1277 506 1388 571 lucem

210 596 353 661 auctoris
377 594 518 659 fortasse
541 595 738 681 desiderant,
764 599 801 660 ut
822 594 903 660 haec
921 595 957 659 in
974 593 1185 679 philosophia
1202 595 1288 660 ratio
1308 616 1387 660 oon·

209 690 262 749 tra
286 684 395 749 omnia
418 684 597 749 disserendi
619 683 808 769 nullamque
831 706 900 749 rem
923 688 1034 768 aperte
1053 683 1217 749 iudicandi
1235 683 1388 768 profecta

210 796 229 839 a
253 771 400 859 Socrate,
423 772 562 857 repetita
586 773 627 837 ab
649 772 812 859 Arcesila,
835 773 1028 839 confirmata
1049 796 1070 839 a
1093 769 1257 838 Carneade
1280 794 1424 858 usquec

210 862 250 927 ad
272 866 421 927 nostram
442 862 549 948 viguit
572 865 727 949 aetatem,
753 885 851 947 quam
873 884 961 927 nunc
983 882 1086 947 prope
1108 862 1241 927 modum
1270 862 1388 927 orbam

210 973 280 1017 esse
302 951 339 1015 in
367 951 440 1036 ipsa
469 950 605 1016 Graecia
636 951 804 1039 intellego.
850 950 943 1027 Quod
972 972 1039 1016 non
1068 949 1263 1015 Academiae
1291 950 1387 1035 vitio,

210 1040 266 1105 sed
288 1040 444 1105 tarditate
466 1040 638 1106 hominum
661 1040 805 1105 arbitror
833 1040 1019 1127 contigisse.
1064 1038 1152 1104 Nam
1180 1040 1208 1103 si
1236 1039 1386 1126 singulas

209 1128 398 1214 disciplinas
422 1130 587 1214 percipere
611 1149 768 1215 magnum
786 1134 849 1215 est,
873 1133 996 1215 quanto
1015 1128 1121 1193 maius
1140 1128 1278 1193 omnes?
1297 1129 1388 1213 quod

209 1217 315 1283 facere
337 1218 379 1283 iis
401 1240 534 1283 necesse
557 1222 623 1303 est,
651 1218 769 1304 quibus
792 1219 1000 1303 propositum
1028 1222 1079 1282 est
1105 1217 1174 1282 veri
1200 1217 1388 1301 reperiendi
1409 1239 1439 1280 ro

211 1328 308 1371 causa
339 1312 372 1371 et
404 1312 518 1373 contra
548 1329 659 1372 omnes
689 1305 904 1392 philosophos
935 1310 969 1372 et
997 1329 1058 1391 pro
1089 1307 1239 1371 omnibus
1270 1306 1387 1371 dicere.

158 1406 190 1456 12
211 1393 310 1461 Cuius
333 1396 381 1461 rei
404 1401 515 1461 tantae
539 1400 670 1481 tamque
694 1394 837 1461 difficilis
860 1395 1051 1461 facultatem
1080 1400 1290 1461 consecutum
1313 1417 1388 1460 esse

210 1507 261 1549 mc
284 1507 352 1551 non
374 1486 544 1569 profiteor,
572 1489 720 1550 secutum
751 1506 821 1549 esse
850 1507 929 1569 prae
959 1507 1011 1549 me
1042 1484 1121 1549 fere.
1144 1483 1244 1563 ..Nec
1273 1488 1387 1549 tamen

210 1574 281 1638 fieri
303 1578 416 1658 potest
441 1578 491 1659 ut,
520 1574 575 1659 qui
598 1573 660 1639 hac
682 1574 810 1639 ratione
827 1573 1115 1659 philosophentur,
1137 1573 1162 1637 ii
1184 1573 1269 1638 nihil
1285 1572 1386 1638 habe-

211 1666 281 1749 ant,
305 1662 392 1747 quod
415 1667 601 1747 sequantur.
647 1662 782 1727 Dictum
801 1668 852 1729 est
871 1664 1003 1728 omnino
1026 1664 1066 1728 de
1084 1662 1146 1727 hac
1168 1684 1203 1727 re
1222 1663 1286 1727 alio
1310 1663 1385 1728 loco
1407 1685 1435 1727 15

211 1750 415 1837 diligentius,
444 1752 513 1836 sed,
543 1752 619 1838 quia
641 1752 739 1817 nimis
767 1752 924 1819 indociles
955 1752 1088 1837 quidam
1119 1752 1269 1836 tardique
1299 1756 1386 1836 sunt,

211 1840 406 1905 admonendi
428 1840 580 1906 videntur
599 1841 737 1925 saepius.
774 1840 852 1907 Non
872 1842 959 1906 enim
977 1864 1089 1906 sumus
1107 1841 1146 1925 ii,
1165 1841 1282 1925 quibus
1300 1839 1386 1904 nihil

210 1952 323 1994 verum
347 1951 417 1994 esse
440 1930 602 2016 videatur,
625 1930 681 1995 sed
703 1931 742 2017 ii,
765 1931 822 2016 qui
842 1931 992 1996 omnibus
1010 1929 1096 1995 veris
1118 1928 1204 1994 falsa
1226 1929 1386 2014 quaedam

212 2018 364 2083 adiuncta
387 2041 458 2084 esse
481 2019 625 2085 dicamus
649 2024 743 2085 tanta
766 2020 989 2106 similitudine,
1011 2023 1049 2083 ut
1070 2018 1106 2083 in
1128 2018 1169 2083 iis
1192 2018 1283 2083 nulla
1304 2018 1387 2083 insit

212 2227 282 2283 zwci
305 2228 435 2283 Btichern
458 2229 627 2299 bestchend,
656 2231 772 2285 wurden
826 2228 1021 2297 Mtglichlreit,
1045 2228 1099 2283 mit
1117 2228 1173 2284 den
1191 2228 1294 2283 Sinnen
1318 2229 1387 2283 oder

213 2298 359 2354 dieselhen
382 2302 477 2371 ephter
502 2319 557 2357 von
584 2299 681 2356 Cicero
711 2319 773 2355 um·
826 2301 891 2355 dem
904 2300 1063 2355 Verstande
1081 2302 1215 2370 (umatus
1228 2307 1279 2355 aut
1292 2300 1386 2353 animo

212 2370 371 2439 gearbeitet
388 2373 447 2425 und
470 2371 520 2426 der
544 2371 618 2426 sroff
639 2371 689 2426 auf
710 2372 773 2426 vier
827 2372 862 2425 dc
882 2374 952 2427 orat
966 2372 1015 2440 111,
1026 2374 1071 2442 67)
1086 2374 1173 2426 etwas
1187 2389 1219 2424 zu
1235 2369 1383 2424 erkenncn.

212 2440 323 2495 Bficher
353 2441 475 2497 verteilt.
505 2443 568 2497 Von
599 2442 649 2496 der
679 2445 774 2497 ersten
825 2443 891 2513 Vgl.
906 2449 921 2509 ξ
936 2448 978 2499 70.

211 2511 403 2583 Bearbeitung
426 2512 466 2566 ist
489 2512 539 2567 das
564 2513 662 2569 zwcitc
684 2514 772 2583 Buch,
863 2520 888 2569 6.
911 2516 1013 2585 oiyait,
1043 2512 1227 2569 verschicden
1256 2527 1312 2565 von
1336 2512 1384 2580 fle

212 2597 268 2636 von
280 2583 329 2637 der
342 2583 460 2639 aweiten
476 2583 521 2639 ein
535 2584 598 2639 Tcil
612 2585 662 2639 des
677 2588 772 2641 ersten
826 2588 886 2642 ruit
905 2582 970 2639 ‘hat
993 2585 1054 2640 sich
1075 2583 1210 2654 lebendig
1233 2577 1384 2637 erhalten’.

211 2653 323 2709 Buches
342 2654 478 2745 ethellep·
684 2723 693 2745 ‚
747 2727 753 2739 ,
857 2676 1076 2745 propemodum
1098 2676 1205 2741 orbam,
1227 2672 1301 2726 nach
1320 2671 1385 2725 dem

248 2730 272 2782 3.
292 2732 414 2782 auctoru
436 2742 513 2781 emes
527 2728 702 2797 Vertreters,
718 2744 772 2782 wie
827 2745 906 2801 poda
925 2745 975 2801 de,
993 2746 1075 2801 philo
1094 2748 1127 2816 (Β,
1141 2752 1157 2813 5
1171 2749 1207 2814 6),
1234 2743 1309 2797 dem,
1327 2743 1383 2796 An.

211 2796 343 2882 Yerngi
365 2802 428 2854 1⁷1²
449 2805 601 2883 Pellam,
630 2800 717 2871 letum
747 2806 773 2856 el
826 2817 938 2872 tiochus
956 2818 1033 2872 hann
1051 2816 1132 2871 nicht
1151 2818 1192 2870 als
1212 2814 1272 2871 sein
1290 2813 1384 2869 Nach-

212 2870 381 2952 tttclwwrtfn
399 2876 424 2926 tt
442 2886 519 2959 tm,
538 2877 669 2926 amm·
706 2871 773 2926 Erssl
826 2888 918 2960 folgcr
932 2890 1039 2959 gellen,
1060 2888 1098 2943 da
1110 2887 1210 2956 dieser,
1226 2889 1324 2958 strong
1338 2901 1385 2956 gc·

213 2940 301 2994 durch
333 2940 379 2995 dle
412 2941 574 2995 mundhchc
606 2942 773 3067 Auslssgung
825 2958 1384 3030 nommen,eincneueSchulegrfindete.

213 3010 289 3065 eines
307 3011 505 3066 bedeutenden
523 3012 682 3068 Vertreters
701 3012 752 3067 wir

213 3082 263 3135 das
281 3081 379 3152 notige
398 3081 482 3136 Licht
504 3083 574 3137 tiber
597 3083 643 3138 ein
662 3084 773 3153 Syetcm

212 3152 375 3221 verbreitet,
387 3153 484 3208 dadas
494 3156 683 3224 gesproohenc
692 3155 773 3210 Wort

213 3220 260 3277 bei
287 3224 399 3279 weitem
421 3224 584 3280 wirlrsamer
602 3224 641 3281 ist
659 3226 701 3281 als
721 3226 771 3281 das

158 3326 160 3333 ’
214 3295 472 3437 gtttltta
489 3366 604 3451 ‚veroa
622 3368 668 3423 a
684 3368 772 3424 stoue
826 3314 1176 3457 attitulatus
1191 3325 1385 3455 {trusis

215 3436 264 3491 <10⁵
279 3437 645 3509 feuracanucpctrvums.
668 3440 772 3510 &¹2³⁰
827 3472 1019 3528 Akademiker
1028 3474 1100 3528 eben
1114 3444 1385 3538 adamnanus,

213 3527 236 3565 Z·
249 3525 310 3635 iim
328 3526 462 3650 mosea
480 3581 596 3638 Socrate.
633 3582 701 3637 Man
723 3584 774 3638 hat
827 3541 1385 3685 ssffikffinvffifigigessuiffifflmehem·

213 3652 774 3806 tttalttt,ttttttlttttt
828 3692 1387 3827 ,⁸22·ch,pgtgg{cg,ac23ng,n⁸gcg⁴ggp

213 3795 774 3923 ruraeclausurum
828 3801 926 3912 aa
1083 3802 1258 3912 ,esus

215 3939 255 3993 als
271 3937 328 3993 dass
343 3910 480 3994 ernichts
495 3938 587 4008 wisse,
602 3939 661 3993 und
675 3912 774 4008 wegeri
828 3902 953 4030 sshsshfi}
966 3919 1036 4030 {sud
1065 3918 1220 4030 nnffffnde'
1240 3916 1387 3971 mugen·

215 4010 307 4065 saner
332 4009 491 4078 niueum,
517 4010 570 4064 mu
595 4010 645 4065 der
672 4026 701 4064 a
726 4008 774 4065 <ue
854 3991 874 4043 8
948 3991 1096 4079 23³st
1197 3990 1290 4078 aa,

214 4080 321 4136 Lehren
349 4081 399 4135 der
423 4080 575 4153 Sophisten
599 4079 773 4151 bektmpfte.
866 4068 907 4117 14·
926 4064 998 4119 ’ῑῦ’Ιῖ
1024 4063 1120 4117 nlsshlfl
1139 4062 1298 4117 POffiWffl·

213 4152 294 4207 Tusc.
314 4151 335 4220 Ι,
351 4156 380 4206 8:
403 4158 479 4208 octus
499 4158 524 4208 ct
541 4152 683 4208 Socratica
700 4153 775 4207 ratio
866 4157 906 4206 15.
926 4152 1037 4207 omnino
1051 4150 1091 4206 im
1100 4148 1285 4205 koncessivcn
1302 4147 1387 4201 Sinna

215 4229 311 4279 contra
324 4223 439 4278 alterius
450 4225 604 4297 opinionem
615 4224 773 4295 disserendi.
828 4220 882 4276 wie
901 4222 921 4290 I,
934 4228 977 4289 95,
996 4222 1084 4277 Acad.
1098 4222 1132 4289 II,
1144 4226 1191 4275 84:
1206 4234 1319 4289 paucas
1332 4234 1387 4273 orn·

251 4300 275 4349 5.
291 4294 430 4350 Arcesius
448 4312 498 4349 aus
512 4294 612 4355 Pitane
627 4294 657 4349 in
671 4293 774 4349 Aolicn
827 4294 910 4359 aino,
928 4294 976 4347 aed
989 4308 1051 4347 acm
1063 4292 1222 4347 adceromio
1234 4290 1316 4359 sacili
1329 4287 1387 4342 und

214 4381 271 4421 von
290 4371 439 4435 315-241‚
460 4366 509 4419 der
523 4368 597 4421 erste
613 4364 710 4421 Stister
724 4366 775 4419 der
829 4362 915 4417 litters
933 4362 981 4418 bei
1000 4361 1105 4419 Cicero.
1355 4430 1362 4442 .

213 4454 337 4493 neueren
363 4436 532 4506 Akademie,
563 4438 703 4507 lcugncte‘
728 4434 773 4491 die
864 4435 920 4490 alio
952 4434 1024 4489 loco.-
1056 4432 1085 4487 in
1118 4431 1173 4486 den
1201 4431 1386 4487 Academicis.

864 3055 906 3105 10.
924 3050 982 3106 ceri
998 3049 1151 3130 reperiendi
1169 3064 1262 3104 caasa.
1290 3044 1387 3100 Damit

827 3122 904 3175 steht
921 3120 1001 3174 nicht
1022 3137 1062 3172 1m
1081 3116 1284 3187 Widerspruch
1303 3117 1385 3169 Tusc.

825 3192 847 3259 Ι,
863 3197 910 3247 1‘12
940 3191 1018 3246 Ultra
1043 3190 1115 3243 enim
1140 3204 1193 3257 qao
1211 3186 1385 3256 proprediar,

826 3279 910 3331 quam
931 3267 964 3315 at
987 3261 1046 3316 ocri
1062 3259 1167 3314 sinidio
1184 3258 1305 3324 uideam,
1327 3271 1385 3311 otoo
