3059 4917
223 267 287 333 104
602 263 651 318 DE
670 261 824 317 NATURA
842 261 1007 318 DEORUM.

220 431 273 493 ios
306 425 455 492 eonsules
487 447 566 491 esse.
617 423 671 490 Au
718 447 770 490 res
801 446 871 490 rem
903 425 944 490 ed
976 428 1140 509 senatum3
1178 428 1324 510 senalus,
1356 429 1401 490 ut

220 515 410 581 abdicarenl
437 515 600 600 eonsules3
628 514 670 579 ab
695 514 869 579 'eaverunh
916 512 1005 589 Quae
1033 512 1218 599 quaerimus
1246 515 1397 598 exempla

220 603 367 670 maiora?
412 603 473 669 Vir
504 602 765 687 sapientissimus
798 607 896 688 atque
928 601 1015 666 haud
1047 602 1147 667 seiam
1177 625 1220 667 an
1247 602 1397 667 omnium

220 691 521 778 praestantissimus
544 696 714 776 peecatum
737 714 847 776 suum,
869 691 956 776 quod
979 690 1077 755 celari
1094 695 1220 776 posset,
1244 691 1395 757 confiteri

220 781 338 847 maluit
360 803 458 866 quam
479 779 612 846 haerere
635 781 671 845 in
693 802 727 845 re
750 780 882 865 publiea
904 779 1110 865 religionem,
1133 780 1281 846 eonsules
1305 801 1392 845 sum-
1417 802 1436 842 r>

220 892 310 934 mum
346 869 520 954 imperium
556 869 671 934 statim
706 869 868 953 deponere
899 890 998 953 quam
1029 867 1063 931 id
1095 872 1205 934 tenere
1234 873 1394 952 punctum

169 977 201 1029 12
219 958 378 1043 temporis
397 962 512 1025 eontra
526 957 730 1045 religionem.
765 958 887 1044 Magna
900 978 1062 1043 augurum
1075 957 1269 1043 auctoritem
1293 957 1394 1043 quid?

219 1047 430 1131 haruspicum
448 1069 500 1111 ars
519 1069 626 1113 nonne
646 1046 778 1111 divina?
813 1045 904 1110 Haeo
922 1052 951 1109 et
962 1045 1212 1111 innumerabilia
1226 1069 1266 1111 ex
1279 1046 1394 1110 eodem

220 1156 337 1223 genere
356 1136 413 1221 qui
430 1135 552 1220 videat,
569 1156 677 1200 nonne
696 1137 834 1221 eogalur
852 1133 1001 1200 confiteri
1019 1135 1096 1199 deos
1116 1134 1209 1200 esse?
1246 1133 1393 1210 Quorum

220 1224 307 1290 enim
324 1224 520 1309 interpretes
540 1228 626 1308 sunl,
645 1246 700 1289 eos
718 1223 809 1309 ipsos
829 1245 899 1288 esse
918 1228 1005 1288 oerle
1023 1245 1155 1289 neeesse
1172 1227 1236 1308 est3
1259 1224 1394 1288 deorum
1416 1245 1449 1286 ro

220 1316 330 1379 autem
348 1313 544 1397 interpreles
563 1316 653 1399 sunl3
677 1312 753 1378 deos
772 1311 876 1398 igilur
895 1334 965 1376 esse
982 1310 1154 1377 fateamur.
1190 1311 1237 1377 At
1252 1311 1394 1377 fortasse

219 1423 287 1468 non
315 1401 425 1467 omnia
452 1400 619 1486 eveniunt,
647 1422 730 1486 quae
752 1400 919 1485 praediola
941 1403 1028 1466 sunt.
1073 1399 1125 1466 Ne
1148 1401 1239 1488 aegri
1263 1401 1394 1486 quidem

221 1491 298 1576 quia
319 1512 388 1556 non
410 1511 522 1554 omnes
546 1489 790 1573 convalescunt,
816 1488 937 1554 ideireo
961 1511 1014 1554 ars
1036 1489 1128 1554 nulla
1151 1490 1312 1554 medicina
1334 1494 1395 1555 est.

222 1577 324 1664 Signa
356 1578 572 1643 oslenduntur
603 1601 623 1642 a
654 1577 704 1642 dis
735 1599 845 1642 rerum
876 1577 1069 1642 fulurarum.
1120 1577 1161 1642 In
1191 1577 1244 1643 his
1276 1578 1305 1642 si
1337 1578 1394 1663 qui

221 1671 426 1752 erraveram,
465 1688 533 1730 non
568 1666 702 1731 deorum
736 1669 870 1751 natura,
907 1667 964 1730 sed
999 1665 1171 1731 hominum
1207 1666 1395 1733 eonieelura
1414 1687 1445 1728 1⁶

219 1754 375 1840 peccavit.
420 1754 536 1840 Itaque
563 1754 650 1819 inter
678 1777 790 1819 omnes
819 1754 963 1820 omnium
991 1755 1140 1841 gentium
1167 1777 1295 1820 summa
1317 1777 1393 1820 oon-

221 1846 302 1927 slet3
325 1842 475 1909 omnibus
499 1843 586 1908 enim
608 1843 758 1908 innatum
779 1846 830 1908 est
848 1847 882 1908 et
899 1843 935 1906 in
952 1843 1061 1907 animo
1081 1843 1176 1929 quasi
1193 1844 1395 1928 insculptum

221 1953 292 1997 esse
328 1931 413 1996 deos.
461 1930 579 2007 Quales
626 1933 705 2016 sini,
751 1932 880 1997 varium
924 1936 988 2016 est,
1033 1954 1103 1997 esse
1148 1954 1244 1997 nemo
1285 1936 1396 2018 negat.

181 1900 202 1966 5

169 1993 202 2045 ¹³
221 2017 396 2086 Cleanthes
416 2020 547 2105 quidem
564 2025 677 2087 noster
692 2024 848 2106 quattuor
867 2021 906 2085 de
920 2020 1026 2086 causis
1046 2021 1129 2085 dixis
1147 2021 1183 2085 in
1201 2021 1319 2086 animis
1333 2019 1393 2087 ho·

219 2157 350 2214 zeiohnel
372 2174 402 2213 es
426 2158 476 2213 das
499 2176 555 2214 von
580 2158 672 2214 dieser
698 2158 780 2214 Linie
834 2159 902 2213 Zum
924 2157 1081 2214 Gadanken
1097 2159 1154 2230 vgl.
1177 2158 1212 2214 de
1231 2159 1288 2215 div.
1307 2160 1328 2227 I,
1344 2165 1394 2215 24:

222 2228 469 2298 eingesohlossene
484 2229 672 2300 Sladtgebieh
692 2229 781 2285 daher
834 2230 873 2284 At
896 2247 954 2284 non
977 2248 1127 2300 numquam
1152 2247 1195 2300 ea,
1219 2248 1289 2301 quoe
1310 2247 1393 2302 prae·

220 2300 271 2355 der
288 2300 437 2355 Ausdruek
451 2303 604 2370 pomerium
617 2302 731 2356 intrare.
835 2301 910 2356 dieta
928 2307 1001 2369 eunt,
1026 2303 1120 2357 minus
1146 2304 1280 2358 eveniunt.
1318 2302 1396 2373 Quae

257 2378 281 2426 1.
313 2372 351 2426 ad
381 2378 506 2426 senatum
537 2387 575 2426 so.
597 2372 728 2439 referunt.
746 2401 782 2413 -
835 2372 945 2428 tandem
969 2373 999 2427 ie
1021 2388 1069 2427 ars
1092 2389 1150 2428 noe
1173 2372 1273 2429 habet?
1299 2389 1395 2428 earam

219 2447 331 2497 matus
349 2457 386 2496 se.
401 2442 523 2497 dement.
836 2443 897 2498 diro
915 2443 1027 2509 artium,
1052 2460 1122 2512 qaae
1147 2446 1304 2500 coniectare
1331 2460 1394 2499 eoa·

256 2517 281 2566 8.
304 2512 381 2567 haud
402 2514 488 2570 seium
501 2529 550 2580 aa,
568 2510 631 2566 eine
645 2513 720 2567 nooh
733 2512 782 2567 be·
836 2515 960 2570 lineretur
990 2518 1016 2568 et
1045 2521 1111 2570 suat
1141 2517 1300 2585 wirraham.
1346 2515 1396 2568 An

221 2581 403 2652 sohoidenere
426 2582 509 2636 Form
524 2583 574 2637 der
592 2582 782 2654 Behuuptung
835 2585 972 2640 mediana
1003 2601 1051 2640 err
1081 2603 1138 2641 non
1169 2587 1299 2655 putanda
1334 2584 1394 2641 ert?

221 2653 263 2708 als
281 2654 357 2709 haud
373 2654 430 2708 seio
447 2670 494 2708 aa.
835 2671 918 2724 queam
934 2661 1026 2710 tamen
1044 2658 1131 2711 multa
1147 2657 1259 2724 sallum.

257 2729 282 2780 5.
305 2726 413 2781 haerm
436 2726 468 2779 io
485 2740 516 2780 re
531 2726 610 2796 publ.
624 2725 782 2797 religionem
873 2731 914 2782 15.
939 2727 1050 2781 ἀεονωη
1077 2734 1181 2783 autera
1198 2754 1225 2773 =
1243 2728 1292 2783 dii.
1335 2726 1395 2780 Der

217 2791 287 2850 ‘dau
306 2795 368 2850 eine
388 2795 494 2851 Sohuld
513 2797 585 2851 laste
606 2795 657 2851 auf
672 2792 724 2852 -'.
744 2797 781 2850 So
835 2795 984 2850 Ausdruek
1004 2796 1221 2867 hervorgerulen
1240 2798 1330 2853 durch
1341 2797 1394 2851 das

221 2866 400 2992 gerglzshnlioh
409 2875 560 2938 peecatum,
576 2870 678 2924 crimea
690 2868 783 2924 haeret
835 2865 1124 2994 hgtrgerspongielregtaie
1161 2870 1392 2994 horninurpatoon·

220 2955 253 2993 aa
364 2981 371 2994 .
834 2955 861 2993 se
922 2955 948 2993 a.
1007 2981 1012 2994 .
1046 2982 1053 3008 ,
1126 2958 1150 2996 z.
1169 2956 1258 2994 anema
1330 2956 1391 2995 ura.

258 3013 281 3062 6.
290 2955 420 3078 digium
433 3025 471 3064 se.
482 3009 647 3078 maluerunt,
657 3025 707 3064 aus
715 3009 780 3064 dem
871 3015 912 3066 17.
936 3010 1065 3064 irroratum
1089 3016 1140 3079 eet,
1166 3009 1217 3064 der
1245 3009 1393 3064 Ausdruek

221 3078 472 3147 vorhergehenden
506 3081 606 3136 maluit
643 3098 677 3134 zu
721 3083 780 3135 ent·
833 3077 873 3134 isl
890 3078 944 3134 wie
972 3081 1038 3147 1‚44
1070 3096 1212 3150 ungenau3
1245 3081 1319 3136 auch
1346 3079 1393 3135 die

221 3148 348 3203 nehmen.
834 3149 948 3204 Sboilrer
969 3150 1071 3205 fuhren
1097 3153 1155 3206 alle
1173 3151 1395 3221 Vorstellungen

258 3223 282 3273 7.
305 3217 392 3287 quid?
403 3249 437 3260 -
454 3220 571 3275 divino?
588 3221 669 3274 Naoh
682 3220 780 3276 diesen
833 3220 884 3274 auf
900 3221 945 3275 die
963 3221 1195 3292 Wshmehmung
1213 3222 1325 3289 zurfiok,
1343 3238 1394 3276 an-

220 3287 339 3343 Worleu
371 3291 502 3344 erwartet
532 3306 597 3344 man
628 3289 778 3361 Beispiele‚
833 3292 974 3360 geborone
987 3291 1110 3362 Begriffe
1123 3293 1234 3348 konnen
1249 3293 1394 3348 dieselben

221 3357 268 3413 die
287 3358 333 3414 die
350 3359 519 3428 Bedeutung
537 3360 587 3416 der
608 3360 780 3431 Haruspioin
832 3361 920 3416 nieht.
965 3362 1099 3418 Dieselbe
1134 3363 1311 3419 irmfimliohe
1336 3365 1393 3419 An·

221 3429 407 3486 naehweisen.
448 3429 602 3485 Vielleiohl
632 3431 780 3487 beebsioh·
835 3432 1284 3499 sichtfindetsiohTuso.l,5'1.

221 3499 294 3569 tigte
332 3498 429 3555 Cicero
466 3501 647 3571 dergloiehen
685 3505 781 3573 spater
869 3504 902 3557 ia
932 3506 1026 3560 animo
1056 3507 1236 3577 inerudptum,
1264 3506 1319 3561 mit
1340 3506 1392 3561 Be·

221 3571 444 3641 naohzutragen,
472 3572 538 3626 kam
567 3573 674 3644 jedooh
699 3573 781 3629 nieht
835 3573 957 3644 ziehung
971 3576 1167 3646 aufommhus,
1182 3578 1313 3648 dagegen
1324 3577 1391 3632 bald

221 3643 301 3697 mehr
320 3642 398 3699 dazu.
834 3645 960 3700 nachher
984 3647 1017 3701 ia
1041 3649 1144 3704 animis
1174 3650 1322 3705 hominum.
1354 3647 1393 3703 So

258 3720 299 3770 11.
329 3716 390 3770 deos
417 3745 451 3756 -
479 3731 534 3772 esse
556 3717 701 3784 fateamur.
742 3715 780 3772 So
833 3717 992 3786 gebraueht
1025 3715 1122 3774 Oieero
1154 3720 1209 3774 den
1237 3719 1315 3787 Sing.
1342 3718 1393 3772 des

221 3786 388 3841 wunderbar
429 3786 506 3841 diere
546 3784 781 3858 Beweisfuhrung
835 3787 1034 3842 Abstralrtums
1063 3790 1136 3843 euch
1168 3789 1197 3844 in
1226 3790 1320 3858 Bezug
1344 3787 1397 3842 auf

222 3856 295 3912 auch
310 3857 458 3924 esenheim,
473 3874 504 3912 so
518 3859 640 3912 nahmen
655 3856 780 3912 siedoeh
833 3859 961 3913 mehrere
980 3858 1127 3929 Personam
1148 3876 1229 3914 wonn
1246 3859 1328 3914 nieht
1345 3858 1391 3913 die

221 3927 268 3982 die
288 3927 400 3984 Stoiker
418 3927 609 3984 volllrommen
628 3930 717 3995 ernsl3
737 3929 779 3983 sie
832 3927 1085 3984 Versehiedenheit
1103 3931 1154 3984 der
1179 3930 1325 3986 einzelnen
1347 3929 1391 3983 In·

222 3999 367 4054 sehlossen
383 3999 465 4053 niehl
482 3997 551 4052 bloss
565 4015 615 4052 aus
630 3999 694 4052 dem
708 3999 778 4055 Vor-
832 3998 966 4054 dividuen
985 4000 1016 4054 in
1033 4001 1169 4056 Betraoht
1186 4001 1302 4056 kommt.

221 4068 396 4124 handensein
423 4070 473 4123 der
496 4070 631 4125 divinatio
658 4069 709 4124 auf
733 4069 780 4124 dia
871 4075 913 4126 18.
938 4073 1048 4127 varium
1066 4079 1105 4127 est
1122 4098 1150 4118 =
1167 4074 1263 4128 variae
1286 4077 1391 4128 seram·

221 4139 352 4195 Exislenz
370 4140 421 4194 der
438 4138 546 4209 eatur,
567 4140 688 4195 sondern
706 4142 781 4195 auch
834 4142 890 4197 tiae
906 4148 978 4197 auat.

221 4210 780 4280 umgekehrovondieseraufdiellolr
869 4211 1010 4281 Rapo,
1038 4219 1192 4280 §13-1‘1.
1238 4214 1392 4268 Boweise

221 4280 396 4349 wendigkeit
411 4281 499 4349 jener.
519 4282 584 4352 Vgl.
593 4283 627 4336 de
638 4281 694 4337 dir.
705 4283 725 4352 Ι,
736 4289 778 4339 10.
834 4282 1392 4355 desKleanthesundChrysippus
1510 4326 1511 4329 η

259 4357 300 4406 13.
319 4352 422 4406 ideireo
436 4381 470 4390 —
489 4359 540 4419 err,
559 4370 580 4406 s.
602 4353 623 4419 I,
633 4359 666 4406 21
682 4372 704 4407 z.
722 4370 781 4408 aon
833 4353 887 4407 fr'ir
905 4353 965 4406 das
983 4353 1109 4408 Dasein
1128 4355 1186 4411 der
1205 4355 1337 4411 Gotter.

221 4421 344 4489 enimsi.
355 4420 579 4477 -medier'nuisl
591 4421 779 4492 Am'eelivum.
870 4429 911 4479 19.
936 4423 1088 4493 Oleum,
1108 4443 1129 4480 s.
1143 4427 1165 4495 1,
1175 4431 1218 4482 87.
1255 4426 1319 4481 Von
1337 4425 1391 4480 den
