3059 4917
468 265 549 322 -LlB.
564 265 611 320 III.
631 263 708 321 CAP.
725 271 769 334 18,
787 271 828 320 19.
847 271 991 330 §Al-dd.
1258 269 1322 334 211

150 431 271 498 Oceani
293 429 375 514 filia,
398 429 483 514 nati,
504 433 599 514 patre
623 427 713 514 Sole,
746 428 783 492 in
805 428 940 493 deorum
966 450 1102 494 numero
1130 451 1198 494 non
1223 428 1323 494 habe-

149 520 295 585 buntur?
319 541 516 603 quamquam
537 515 657 586 Circen
687 539 817 603 quoque
847 516 955 582 coloni
984 518 1090 582 nostri
1122 516 1323 583 Circeienses

148 608 303 694 religiose
322 608 442 672 colunt.
475 607 565 693 Ergo
584 607 668 672 hano
687 606 782 671 deam
800 605 920 671 duces?
944 606 1024 691 quid
1041 604 1174 671 Medeae
1192 628 1325 690 respon·

150 697 254 781 debie,
277 718 359 781 quae
383 695 508 760 duobus
532 695 614 778 avis,
639 694 713 760 Sole
737 698 771 760 et
794 692 938 778 Oceano,
961 692 1065 759 Aeeta
1087 699 1196 780 patre,
1219 699 1323 760 matre

117 808 131 848 s
150 785 243 870 Idyia
265 789 436 869 procreata
459 784 532 849 est?
555 784 633 868 quid
654 783 752 848 huius
776 783 923 867 Absyrto
945 782 1056 869 fratri,
1080 784 1136 868 qui
1160 788 1211 849 est
1238 783 1325 868 apud

149 874 328 940 Pacuvium
350 872 550 959 Aegialeus?
573 872 629 938 sed
652 872 734 937 illud
756 894 876 937 nomen
902 876 1050 938 veterum
1077 873 1197 937 litteris
1224 873 1325 937 usita-

150 963 225 1028 tius.
273 959 336 1036 Qui
360 962 389 1026 si
412 961 445 1025 di
467 984 535 1026 non
557 965 648 1046 sunt,
670 982 797 1046 vereor,
821 961 899 1046 quid
921 965 1000 1046 agat
1022 960 1099 1046 In03
1127 961 1208 1026 haec
1236 961 1325 1026 enim

151 1051 261 1117 omnia
284 1072 323 1115 ex
346 1050 459 1115 eodem
486 1050 578 1115 fonte
605 1049 777 1114 fluxerrmt.
823 1049 877 1114 An
905 1049 1124 1134 Amphiaraus
1153 1050 1217 1114 erit
1243 1050 1322 1115 deus
1342 1063 1376 1114 49

151 1145 184 1204 et
206 1138 437 1223 Trophonius?
483 1137 600 1204 Nostri
628 1138 760 1224 quidem
791 1138 972 1223 publicani,
1005 1161 1078 1204 oum
1110 1144 1220 1204 essent
1251 1140 1324 1225 agri

106 1250 133 1290 ro
150 1228 185 1293 in
208 1228 347 1293 Boeotia
369 1227 504 1292 deorum
525 1227 762 1292 immortalium
791 1226 918 1311 excepti
940 1227 1013 1314 lege
1040 1228 1200 1312 censoria,
1227 1249 1325 1314 nega

150 1317 231 1383 bant
253 1317 455 1382 immortales
480 1339 550 1382 esse
572 1316 672 1401 ullos,
704 1317 761 1401 qui
791 1316 965 1400 aliquando
995 1315 1144 1381 homines
1173 1315 1324 1381 fuissent.

151 1405 215 1472 sed
238 1405 267 1471 si
290 1409 367 1470 sunt
398 1404 434 1468 hi
465 1405 513 1489 di,
542 1409 592 1470 est
624 1409 711 1471 certe
743 1403 961 1490 Erechtheus,
994 1405 1085 1470 cuius
1117 1403 1257 1470 Athenis
1291 1409 1325 1469 et

150 1495 320 1559 delubrum
334 1493 473 1560 vidimus
494 1499 527 1559 et
546 1495 757 1560 sacerdotem.
801 1492 905 1569 Quem
924 1493 953 1558 si
971 1494 1066 1559 deum
1084 1493 1232 1579 facimus,
1246 1493 1325 1579 quid

150 1587 207 1648 aut
230 1583 269 1647 de
289 1579 395 1648 Codro
414 1583 565 1648 dubitare
582 1605 756 1667 possumus
776 1587 834 1646 aut
852 1582 891 1647 de
910 1582 1041 1666 ceteris,
1064 1583 1121 1666 qui
1139 1587 1324 1669 pugnantes

105 1696 132 1736 rs
149 1694 209 1756 pro
231 1671 358 1756 patriae
381 1671 534 1737 libertate
558 1671 766 1737 ceciderunt?
797 1671 884 1756 quod
913 1671 942 1736 si
969 1671 1139 1755 probabile
1168 1693 1235 1736 non
1265 1676 1325 1756 est,

148 1783 190 1825 ne
212 1761 271 1825 illa
293 1760 424 1845 quidem
449 1761 629 1846 superiora,
653 1761 737 1825 unde
760 1759 842 1825 haec
865 1764 1013 1846 manent,
1041 1759 1211 1844 probanda
1238 1764 1323 1825 sunt.

149 1847 260 1933 Atque
282 1849 318 1912 in
340 1849 504 1933 plerisque
528 1849 717 1914 civitatibus
747 1848 898 1934 intellegi
927 1853 1039 1932 potest
1058 1849 1233 1938 ⁸augendae
1259 1848 1323 1914 vir-
1345 1863 1380 1915 ιο

188 2026 213 2075 1.
230 2021 416 2089 accersatur,
435 2038 457 2075 s.
468 2021 503 2088 II,
511 2027 544 2076 18
557 2039 579 2076 a.
594 2023 710 2078 habebit.
767 2021 890 2077 anderen
908 2037 965 2076 von
982 2021 1104 2077 Kroesus
1127 2040 1175 2077 um
1196 2021 1254 2077 aaa
1276 2039 1324 2092 ge·

187 2099 335 2162 aquaque,
354 2091 458 2147 eberiso
472 2091 710 2163 wiedieMctata.
764 2092 842 2162 fragt
866 2093 981 2163 (Herod.
998 2094 1024 2161 l,
1038 2095 1093 2164 46).
1131 2092 1325 2148 Scbliemasns

188 2169 212 2219 ὅ.
230 2163 315 2218 baias
332 2164 452 2233 Absyrto
465 2164 559 2231 fratri,
579 2182 600 2218 s.
616 2169 631 2229 ς
645 2170 710 2219 39ιι.
765 2161 937 2234 Grabungen
955 2165 1029 2219 nach
1052 2165 1103 2219 der
1121 2164 1213 2219 sacre
1232 2163 1325 2220 dieses

151 2235 210 2289 ease
227 2233 420 2290 Palaemonem
437 2235 535 2302 filiam.
766 2234 884 2290 Oralrels
903 2251 998 2289 waren
1015 2235 1159 2304 erfolglos.

177 2305 254 2375 aprsd
262 2303 592 2373 Pamaiam,inseinerT
646 2304 711 2361 edic
803 2308 1155 2377 roemepalepecemoaa.
1179 2305 1324 2360 ZumAus·

150 2375 252 2432 Medae
281 2375 369 2445 (Sohn
397 2376 448 2430 der
479 2321 712 2447 Medea>mgnber
765 2376 855 2432 druck
874 2377 930 2448 egl.
946 2377 981 2432 de
996 2381 1067 2432 orat.
1082 2378 1176 2446 l‚178:
1190 2379 1327 2448 mancipis·

149 2446 253 2502 Pacuv.
269 2465 290 2503 s.
305 2447 340 2515 ll,
351 2453 393 2502 91.
765 2449 809 2504 lea
838 2446 901 2503 ‘der
925 2445 1156 2504 Kanthontrakt’.
1202 2449 1234 2502 ln
1260 2449 1326 2503 dem

186 2525 210 2573 ⁷.
229 2535 333 2586 osmer,
351 2520 420 2588 auid
436 2525 510 2590 apat.
540 2518 603 2573 Von
620 2535 712 2576 vereor
764 2519 932 2588 Kontrekte,
959 2519 1087 2575 welches
1114 2519 1160 2574 die
1184 2518 1326 2575 Censoren

148 2588 226 2643 kann
244 2588 318 2644 auch
328 2589 374 2644 ein
388 2588 545 2644 indirehter
558 2591 709 2659 Frsgesata
764 2590 818 2645 mit
836 2591 892 2646 den
909 2590 1052 2645 Phchtern
1079 2591 1130 2644 der
1157 2589 1324 2646 bootischen

150 2659 294 2741 abhangig
313 2659 386 2727 sein,
405 2660 443 2714 de
460 2661 512 2714 der
531 2661 640 2731 Begriff
660 2662 711 2717 der
764 2661 843 2716 Zdlle
880 2661 1099 2732 abgeschloesen
1121 2661 1233 2729 hatten,
1266 2679 1325 2715 aar

149 2729 301 2799 Besorgms
327 2730 457 2800 augleich
488 2731 545 2786 den
576 2732 626 2786 der
653 2731 709 2786 Un·
764 2731 836 2786 alles
853 2731 1022 2802 Tempelgut
1039 2733 1082 2786 als
1105 2729 1252 2786 steuerfrei
1276 2731 1324 2786 be-

150 2799 306 2870 gewillhoit
319 2801 389 2855 fiber
403 2800 462 2868 das,
478 2817 534 2855 was
549 2802 710 2870 geschehon
763 2801 894 2856 seichnet
925 2802 1048 2856 worden.
1098 2803 1141 2854 Im
1168 2800 1254 2855 Jahre
1289 2808 1324 2858 83

150 2870 232 2939 wird,
261 2869 291 2924 in
317 2870 378 2925 sich
406 2870 538 2926 schliesst.
575 2873 627 2928 Ad.
652 2873 707 2928 Art.
763 2872 844 2927 hatte
872 2872 952 2926 Sulla
983 2872 1049 2926 dem
1072 2871 1262 2942 Amphiaraus
1294 2873 1324 2926 in

149 2941 210 3009 VII,
230 2948 290 3009 'aaz
313 2943 386 3011 qaod
409 2943 507 2998 scribis
533 2942 710 3013 Pomptinam
764 2943 873 3012 Oropus
910 2942 973 2999 eine
1014 2941 1142 3013 Stilbrng
1182 2943 1324 3013 gemacht,

149 3013 182 3068 s'm
198 3015 292 3069 urban
305 3015 441 3081 intrarem,
459 3029 560 3081 uereor,
578 3015 646 3083 qaid
663 3015 708 3070 ιιι,
763 3015 851 3069 deren
869 3013 1124 3096 Abgabenfreiheit
1146 3012 1192 3068 die
1212 3013 1323 3069 Steuer·

149 3082 187 3139 ib.
201 3084 249 3151 IX,
266 3088 307 3152 17,
320 3099 345 3138 s:
372 3083 438 3140 Tiro
466 3085 507 3139 ita
533 3086 652 3154 saepsit,
676 3092 709 3141 at
817 3084 881 3139 hter
898 3085 979 3139 mcht
997 3084 1176 3140 snerkennon
1198 3085 1322 3142 wollten.

148 3171 250 3222 mear,
268 3156 336 3224 auid
353 3162 427 3227 apat.
789 3171 820 3210 er
854 3154 964 3238 infulge
1003 3156 1103 3210 dessen
1138 3156 1323 3212 entstandene

184 3232 210 3281 8.
228 3227 417 3296 Amphiareae
435 3228 466 3297 (s.
477 3225 512 3290 ΙΙ,
528 3227 556 3296 7)
573 3226 653 3280 hatte
678 3226 707 3281 in
761 3226 952 3282 Rechtsstrert
964 3227 1060 3281 warde
1077 3225 1118 3281 im
1134 3228 1220 3283 Jahrc
1239 3234 1272 3283 73
1289 3246 1323 3282 zu

149 3297 199 3352 der
211 3297 356 3352 Nehevon
367 3296 476 3367 Oropus
488 3297 572 3354 einen
581 3296 707 3368 Tempel,
764 3296 892 3352 (dunsten
916 3298 968 3353 der
986 3297 1104 3368 Oropier
1129 3298 1322 3355 entschieden.

147 3369 271 3424 welcher
303 3369 390 3422 durch
424 3368 471 3423 die
503 3367 630 3423 daselbst
666 3384 708 3423 er·
762 3368 927 3437 Mommsen,
945 3369 1063 3424 Hermes
1083 3374 1151 3425 188⁶
1166 3388 1194 3440 p.
1209 3375 1261 3426 268
1275 3371 1322 3440 fig.
1385 3421 1389 3431 ,

147 3439 248 3494 teilten
266 3439 465 3494 lhaumoralrel
487 3439 620 3494 berflhmt
641 3456 708 3494 war.
800 3445 842 3495 12.
874 3440 1053 3507 Erechtheas,
1079 3439 1127 3496 ein
1150 3441 1323 3510 mythischer

147 3509 325 3580 Neuerdings
366 3509 429 3566 sind
467 3509 576 3581 Spuren
617 3509 708 3565 dieses
762 3510 858 3580 Kbnig
883 3528 939 3566 von
957 3512 1060 3566 Athen.
1098 3510 1181 3567 Seiae
1201 3512 1323 3568 Tbchter

149 3580 280 3651 Tempels
289 3581 342 3636 mit
351 3581 530 3636 aehlreichen
539 3582 709 3636 Inschriften
762 3585 796 3707 g.
812 3588 827 3649 5
842 3585 887 3653 50)
902 3581 1032 3652 opferten
1045 3574 1108 3637 sich
1121 3582 1229 3652 infolge
1244 3583 1322 3638 eines

149 3651 207 3705 und
245 3652 338 3706 einem
371 3651 539 3722 Fragmenta
571 3669 625 3708 von
658 3653 709 3707 der
787 3653 1323 3724 rekelspmehes,umdomKampfemit

150 3720 248 3776 Statue
278 3722 328 3777 des
355 3721 454 3778 Gottes
487 3742 521 3777 zu
553 3724 631 3795 'lege
659 3740 707 3794 ge·
761 3724 916 3795 Eumolpus
925 3724 982 3778 und
994 3723 1322 3780 denEleusiniemeinen

148 3791 258 3847 fdrdert
274 3792 395 3849 worden.
760 3794 944 3864 glficklichen
979 3801 1113 3865 Ausgang
1153 3813 1186 3848 au
1219 3795 1321 3864 geben.

185 3868 209 3920 9.
244 3863 415 3932 lhophom‘as
447 3863 509 3932 (auf
539 3863 707 3920 bdotischon
760 3866 935 3921 Erechtheus
959 3867 1050 3921 tdtete
1078 3864 1174 3920 seinen
1200 3865 1320 3937 Gegner,

147 3932 318 3988 Inschriften
344 3931 531 4004 Τρεφώνιος),
556 3933 633 3988 Sohn
656 3936 706 3991 des
760 3937 857 3991 wurde
882 3937 950 3992 aber
970 3936 1022 3990 auf
1039 3936 1248 4008 Veranlassung
1272 3938 1321 3992 des

148 4003 278 4074 Erginus,
297 4003 404 4075 Konigs
428 4021 485 4060 von
508 4003 704 4064 Orchomenos.
759 4007 907 4076 Poseidon,
922 4007 972 4062 des
982 4007 1084 4063 Vaters
1098 4009 1148 4062 des
1157 4008 1320 4079 Eumolpus,

147 4075 706 4145 111‚sewisderalssinindenriefen
760 4078 849 4132 durch
869 4077 952 4133 einen
970 4077 1134 4134 Blitestrahl
1165 4080 1216 4135 des
1249 4082 1320 4135 Zeus

147 4149 199 4202 der
216 4147 291 4202 Erdc
309 4147 465 4202 waltender
483 4146 553 4202 eom
570 4147 623 4202 mit
641 4148 705 4203 dem
759 4149 939 4220 erschlegen‚
962 4149 1074 4205 worauf
1094 4167 1124 4205 er
1147 4151 1256 4206 sowohl
1278 4151 1320 4206 als

148 4216 354 4275 chthonischen
377 4218 495 4274 Hermes
516 4217 704 4275 identifiziert.
759 4220 837 4275 seine
851 4221 976 4275 rachmr
991 4220 1145 4292 gottlicher
1162 4222 1237 4276 Ehre
1255 4221 1320 4276 teil·

148 4289 215 4346 Sein
232 4289 443 4344 Hdhlenoralrel
465 4307 499 4344 au
517 4289 649 4345 Lebadea
675 4290 705 4345 in
758 4289 1320 4362 haltigwnrdenlhrberdhmterlempel

147 4359 268 4416 Bdotien
286 4361 407 4416 erfreute
426 4360 487 4416 sich
511 4361 561 4415 des
584 4361 704 4432 grdssten
758 4362 811 4416 anf
822 4362 872 4417 der
885 4361 1045 4432 Akropolis,
1061 4363 1112 4417 das
1121 4363 1319 4431 Erechtheion,

147 4430 291 4500 Ansehns,
328 4433 457 4487 desselbe
496 4432 590 4486 wurde
622 4434 705 4487 untor
757 4431 878 4486 istrum
892 4429 1001 4501 grollen
1014 4432 1078 4488 Tell
1095 4435 1170 4489 noch
1184 4435 1319 4491 erhalten.

1054 4522 1108 4576 14*
