3059 4917
460 271 527 329 LIB.
537 273 584 328 ΙΙΙ.
604 271 680 326 CAP.
696 277 810 327 26-28.
829 278 973 338 §si-70.
1235 277 1302 341 223

216 433 339 520 Adde,
361 436 481 520 inquit,
505 435 593 520 hdo,
617 435 721 520 quod
748 435 844 499 mibi
871 437 1060 520 porte'nto
1089 435 1302 500 caelestum

982 529 1093 608 pater

217 611 444 700 Prodigium
467 613 589 697 misit,
612 612 724 698 rigni
748 612 980 678 stabilimon
1002 613 1089 698 mei,

217 703 370 788 Agnum
393 701 497 767 inter
519 701 683 786 pecudes
708 705 825 766 aurea
848 701 993 765 clarum
1016 724 1123 767 coma

219 790 414 866 Quendam
438 791 645 874 Thyestem
669 791 822 875 clapere
852 812 985 855 ausum
1015 813 1100 855 esse
1130 793 1147 854 e'
1177 791 1300 876 regia,

96 899 110 940 s
219 878 298 954 Qua
320 880 360 943 in
382 902 421 944 re
445 879 677 944 a‘diutricem
701 879 904 965 coniugem
928 877 1032 964 oepit
1055 879 1140 944 sibi.

129 967 309 1033 Videturne
347 991 474 1032 summa
504 967 717 1052 improbitate
752 989 830 1032 usus
862 990 929 1033 non
968 968 1038 1032 sine
1069 991 1197 1032 summa
1228 989 1299 1032 essa
1318 978 1356 1027 69

128 1056 279 1121 ratione?
325 1056 395 1121 Nec
417 1079 494 1122 vero
518 1079 636 1122 scaena
666 1056 773 1121 solum
803 1056 924 1121 referta
953 1061 1005 1121 est
1031 1057 1083 1122 bis
1114 1056 1300 1141 sceleribus,

129 1146 185 1210 sed
217 1145 322 1210 multo
351 1145 421 1210 vita
451 1145 632 1210 communis
669 1167 771 1229 paene
804 1145 992 1210 maioribus.
1040 1144 1148 1211 Sentit
1184 1145 1300 1210 domus

128 1233 223 1298 unius
248 1234 416 1319 cuiusque,
440 1234 540 1299 sentit
562 1233 683 1318 forum,
707 1234 808 1298 sentit
827 1235 929 1319 curia,
952 1257 1098 1319 campus,
1122 1234 1211 1318 socii,
1228 1257 1301 1319 pro-

84 1343 110 1382 ιο
128 1323 267 1407 vinciae,
290 1327 341 1407 ut,
365 1345 461 1408 quem
484 1323 526 1387 ad
554 1318 686 1388 modum
715 1323 843 1388 ratione
872 1329 961 1388 recte
990 1324 1062 1408 fiat,
1096 1323 1144 1388 sic
1172 1323 1300 1388 ratione

69 1412 72 1416 ’
127 1416 292 1496 peccetur,
316 1412 519 1497 alterumque
543 1416 576 1476 et
599 1434 618 1475 a
647 1410 759 1496 paucis
790 1416 824 1476 et
853 1435 942 1498 raro,
971 1413 1111 1478 alterum
1141 1418 1175 1476 et
1204 1434 1300 1496 saepe

129 1505 162 1565 ct
184 1524 204 1565 a
225 1500 389 1587 plurimis,
421 1505 459 1566 ut
488 1501 591 1565 satius
619 1499 720 1565 fuerit
750 1501 876 1565 nullam
906 1502 1039 1567 omnino
1070 1501 1166 1566 nobis
1199 1524 1219 1565 a
1250 1500 1300 1564 dis

127 1589 369 1654 immortalibus
393 1590 503 1654 datam
527 1611 597 1655 esse
620 1589 782 1655 rationem
806 1612 904 1674 quam
932 1595 1026 1655 tanta
1055 1614 1129 1655 cum
1157 1589 1300 1675 pernicie

129 1679 247 1743 datam.
293 1677 341 1744 Ut
362 1679 475 1743 vinum
498 1677 656 1764 aegrotis,
680 1678 757 1763 quia
779 1678 914 1762 prodest
936 1702 1026 1764 raro,
1054 1683 1152 1744 nocet
1181 1678 1301 1763 saepis-

83 1786 109 1826 15
129 1769 210 1832 sime
216 1818 224 1851 ,
247 1767 363 1832 melius
388 1771 519 1832 estnon
532 1767 686 1832 adhibere
701 1767 834 1832 omnino
854 1789 952 1851 quam
973 1790 1030 1852 spe
1048 1768 1165 1832 dubiae
1184 1766 1300 1832 salutis

128 1856 164 1920 in
186 1860 333 1938 apertam
347 1855 524 1940 perniciem
538 1856 716 1940 incurrere,
740 1855 787 1920 sic
804 1855 894 1920 haud
910 1857 978 1921 scio
1002 1880 1044 1920 an
1067 1857 1183 1921 melius
1201 1855 1301 1920 fucrit

128 1943 272 2008 humano
303 1943 415 2029 generi
446 1948 573 2008 motum
605 1943 706 2008 istum
737 1944 875 2009 celerem
905 1945 1126 2031 cogitationis,
1155 1967 1301 2028 acumen,

129 2031 323 2117 sollertiam,
354 2054 452 2116 quam
483 2032 645 2096 rationem
677 2054 845 2118 vocamus,
878 2034 1031 2118 quoniam
1062 2032 1219 2119 pestifera
1250 2038 1302 2098 est

129 2120 257 2203 multis,
291 2120 466 2185 admodum
499 2120 611 2205 paucis
642 2121 819 2206 salutaris„
841 2144 910 2187 non
939 2123 1009 2187 dari
1039 2123 1172 2187 omnino
1203 2144 1300 2206 quam

83 2227 111 2266 2⁰
129 2213 199 2274 tam
231 2209 383 2273 munifice
416 2214 449 2273 et
485 2213 553 2274 tam
589 2209 680 2295 large
712 2210 791 2274 dari.
838 2210 943 2286 Quam
980 2211 1022 2276 ob
1054 2233 1124 2276 rem
1154 2210 1183 2275 si
1208 2232 1300 2275 mens
1321 2217 1357 2268 ⁷⁰

129 2299 345 2382 voluntasque
368 2297 478 2362 divina
500 2297 620 2363 idcirco
646 2299 809 2364 consuluit
831 2299 1033 2386 hominibus,
1063 2300 1150 2385 quod
1179 2299 1220 2364 iis
1251 2305 1302 2365 est

129 2387 250 2473 largita
263 2387 438 2471 rationem,
452 2387 493 2452 iis
509 2387 587 2452 solis
602 2388 782 2472 consuluit,
801 2411 883 2474 quos
903 2389 990 2454 bona
1007 2389 1135 2454 ratione
1158 2389 1301 2474 donavit,

129 2498 210 2560 quos
234 2475 393 2560 videmus,
426 2475 573 2541 simodo
601 2477 658 2541 ulli
684 2482 775 2561 sunt,
798 2499 868 2543 esse
887 2501 1075 2563 perpaucos.
1099 2476 1176 2543 Non
1193 2478 1302 2563 placet

129 2569 238 2630 autem
266 2565 377 2647 paucis
411 2587 430 2629 a
462 2565 511 2630 dis
544 2565 786 2631 immortalibus
819 2589 890 2632 esse
920 2568 1122 2651 consultum,
1153 2567 1301 2651 sequitur

82 2670 110 2711 2⁵
130 2675 222 2739 ergo,
246 2658 283 2717 ut
304 2653 429 2718 nemini
452 2655 637 2719 consultum
661 2655 713 2720 sit.
1028 2723 1031 2730 ,

218 2740 304 2804 Huic
327 2742 400 2806 loco
424 2741 471 2806 sic
495 2743 608 2806 soletis
633 2764 815 2808 occurrere:
836 2765 904 2807 non
925 2742 1049 2807 idcirco
1075 2764 1142 2806 non
1166 2747 1299 2827 optume
1319 2741 1365 2806 28

128 2829 225 2893 nobis
248 2851 268 2893 a
291 2828 340 2892 dis
364 2850 434 2893 esse
458 2829 638 2914 provisum,
667 2831 754 2914 quod
781 2831 877 2915 multi
904 2853 1017 2914 eorum
1044 2829 1202 2895 beneficio
1229 2853 1300 2915 per·

129 2939 221 2982 verse
244 2921 428 3002 uterentur,
456 2917 556 2981 etiam
582 2918 791 3001 patrimoniis
818 2919 940 2984 multos
968 2919 1053 2984 male
1080 2918 1143 3004 uti,
1169 2940 1230 2984 nec
1258 2919 1300 2984 ob

130 3096 309 3215 abab
330 3090 440 3243 itit·
460 3089 596 3216 ilidii*
609 3091 690 3216 hill
742 3092 1302 3220 ,insatiabilitatis

130 3232 280 3303 goldenem
304 3231 418 3300 Viuite,
447 3249 483 3286 an
508 3232 608 3287 dassen
636 3234 687 3287 Be·
743 3233 1065 3290 schamlosestenWeise
1079 3236 1302 3306 ausgeplfindert

130 3303 199 3358 sitae
232 3303 283 3357 das
315 3303 457 3358 Bestehcn
485 3302 576 3358 seiner
603 3304 687 3358 Herr-
741 3305 865 3360 wurden.

130 3374 369 3444 schaftgelrniipft
377 3391 442 3443 war,
453 3373 689 3430 mitHilfcseiner
780 3383 820 3432 12.
839 3382 872 3431 ut
889 3377 978 3432 satius
994 3378 1089 3446 fuerit,
1108 3396 1129 3433 s.
1144 3397 1166 3432 a.
1180 3378 1202 3446 ],
1213 3385 1256 3435 69.

129 3445 272 3501 treulosen
292 3445 441 3500 Gemahlin
469 3447 638 3502 antwendet.
779 3453 821 3502 15.
839 3464 886 3518 cpe
904 3449 1005 3504 dubiae
1020 3450 1129 3517 solatia
1148 3467 1170 3504 s.
1185 3450 1219 3517 ΙΙ,
1229 3457 1263 3504 98
1277 3470 1301 3506 z,

167 3524 191 3572 6.
215 3517 371 3585 Viddurae,
386 3535 406 3572 s.
418 3519 453 3584 ΙΙ,
470 3524 533 3573 ior.
546 3517 689 3574 Videtisne.
743 3519 865 3586 fontium
881 3521 987 3590 polidus
999 3523 1192 3590 perennitates.

167 3583 689 3657 8.iiiulto-poeaemdioribusseheint‚
782 3597 823 3645 17.
849 3597 950 3646 motum
980 3593 1087 3646 celerm
1119 3593 1301 3662 copitotionia

132 3658 168 3711 da
180 3659 265 3712 multo
283 3660 340 3711 und
350 3676 447 3728 paura,
461 3659 514 3712 mit
528 3659 690 3715 demselben
743 3660 847 3728 Motus,
861 3663 969 3731 κίνησις
982 3661 1021 3716 ist
1031 3662 1077 3717 dic
1091 3661 1300 3718 wesentlichste

131 3727 689 3810 KomparativverbundeneinonWider-
743 3730 928 3817 bigenscbmt
946 3733 996 3788 des
1014 3732 1131 3788 Geistcs.
1168 3732 1232 3816 Vgl.
1245 3738 1301 3816 ⁶71:

131 3799 691 3942 {usitatissimustua
740 3810 1303 3945 ttitldzalgltails‘gltt

131 3937 258 4010 (referta)
273 3945 297 3994 ci
309 3957 398 4010 paene
410 3941 569 3995 maioribus.
583 3940 688 4010 Mayor.
743 3942 794 3997 off.
810 3945 906 4013 I,132:
924 3946 1020 4001 Motus
1037 3953 1128 4002 daton
1145 3947 1303 4002 animorum

165 4009 691 4080 &dii-utpeccuuruurssonsiruk-
745 4015 868 4085 duplices
894 4023 974 4084 sunt,
1006 4019 1087 4072 alteri
1118 4018 1304 4088 capitationis,

131 4081 689 4153 tionvcrgloiohtSchoem.p.R0sc.Am.
743 4087 825 4140 alteri
843 4089 988 4156 appetitus.
1030 4089 1072 4143 Dc
1098 4091 1168 4142 orat.
1187 4089 1208 4156 l,
1234 4095 1299 4142 113:

131 4159 181 4210 66:
199 4153 337 4208 Videtisne
350 4160 381 4209 ui
400 4170 443 4209 eos
461 4155 688 4223 aptacharius
743 4159 833 4213 animi
850 4165 930 4227 atque
954 4160 1061 4229 iiipeiiii
1085 4161 1179 4214 celeroe
1202 4164 1302 4213 motus,

169 4231 193 4280 9.
213 4241 334 4295 campus,
354 4226 403 4279 das
422 4225 556 4279 Marsfeld
579 4227 621 4280 als
639 4226 690 4282 Ort
780 4234 823 4283 20.
848 4230 874 4283 si
903 4261 937 4270 -
967 4231 1118 4298 emuniuit,
1147 4229 1221 4283 nach
1251 4228 1302 4282 der

132 4297 184 4350 der
216 4293 561 4366 Wahlversammlungen‚
597 4298 690 4365 forum
743 4298 864 4354 Ansicht
881 4299 932 4354 der
950 4299 1071 4354 Stoilrcr.

132 4365 183 4418 der
209 4365 582 4437 Geriohtsverhandlungen,
610 4371 690 4424 acrio
780 4376 822 4426 28.
841 4376 989 4427 uidemur.
1031 4369 1141 4440 Wegen
1161 4369 1212 4425 der
1235 4387 1302 4425 con·

131 4436 185 4489 der
203 4435 457 4508 Senatssitzungen.
524 4496 527 4500 ,
745 4440 853 4495 secutio
872 4443 958 4510 temp.
973 4459 994 4498 s.
1009 4442 1031 4509 Ι,
1041 4448 1076 4496 39
1089 4460 1111 4495 a.
1125 4443 1246 4510 donent.
