3059 4917
580 235 629 290 DE
648 235 802 290 NATURA
820 235 986 291 DEORUM.

286 401 383 466 Dum
407 402 507 486 quod
531 400 696 465 sublime
719 399 848 464 ventis
873 400 1074 483 expulsum
1096 399 1181 483 rapi

288 489 425 555 Saxum
449 494 515 556 adt
536 488 740 573 procellis,
762 489 825 553 ve'l
849 489 1036 575 globosos
1060 488 1238 553 turbines

286 578 488 644 Exsistere
511 579 615 643 ictos
639 577 754 641 undis
779 577 1119 661 concursantibus,

286 668 375 734 Nisi
399 669 492 752 quas
516 670 727 731 terrestres
750 667 894 750 pontus
919 670 1072 751 strages
1096 665 1266 750 conciet,

287 756 365 821 Aut
387 756 489 821 forte
512 755 654 820 Triton
675 755 832 819 fuscina
855 757 1036 819 evertens
1060 777 1197 838 specus
1390 775 1406 816 s

288 844 432 909 Subter
454 845 608 909 radices
631 843 792 928 penitus
815 843 981 907 undanti
1004 841 1046 906 in
1067 843 1171 908 freto

287 933 427 998 Molem
450 936 493 997 e‘x
515 933 709 1017 profundo
734 934 887 997 saxeam
910 932 955 996 ad
979 933 1127 996 caelum
1150 931 1262 996 cruit.

197 1041 338 1106 Dubitat
360 1039 481 1124 prim0,
514 1062 597 1124 quae
630 1039 674 1104 sit
707 1062 745 1104 ea
776 1043 907 1122 natura,
940 1061 1039 1123 quam
1075 1039 1180 1103 cernit
1215 1039 1374 1124 ignotam,

197 1131 348 1215 idemque
370 1129 543 1193 iuvenibus
565 1129 645 1193 visis
669 1128 845 1213 auditoque
862 1129 995 1192 nautico
1019 1131 1127 1212 cantu,
1150 1127 1206 1211 sic,
1230 1128 1285 1212 ait,

512 1234 628 1300 inciti
651 1239 768 1319 atque
791 1235 941 1298 alacres
965 1233 1108 1297 rostris
1131 1232 1375 1317 perfremunt
1395 1256 1422 1296 10

288 1322 484 1409 Delphini.

197 1414 297 1479 Il0m²
1057 1462 1210 1529 Silvani
1230 1466 1329 1529 melo

290 1552 545 1619 Consimilem
568 1554 612 1618 ad
636 1577 747 1619 aures
779 1554 934 1617 cantum
964 1558 1001 1618 et
1031 1553 1208 1618 auditum
1238 1553 1374 1638 refert,

147 1673 181 1726 90
201 1661 266 1726 alia
288 1661 401 1725 multa.
446 1659 537 1746 Ergo
561 1664 598 1724 ut
625 1659 680 1725 hic
708 1661 816 1744 primo
847 1664 982 1743 aspectu
1010 1660 1192 1724 inanimum
1222 1659 1375 1744 quiddam
1395 1681 1424 1722 rs

200 1771 361 1833 sensuque
381 1770 520 1813 vacuum
539 1771 573 1814 se
593 1753 690 1833 putat
714 1771 858 1832 cernere,
878 1753 956 1832 post
972 1753 1082 1813 autem
1108 1748 1211 1834 signis
1232 1749 1377 1814 certiori-

199 1839 274 1922 bus,
307 1838 402 1921 quale
435 1837 479 1902 sit
510 1837 556 1920 id,
589 1838 628 1902 de
661 1861 725 1923 quo
754 1838 974 1922 dubitaverat,
996 1838 1114 1921 incipit
1132 1837 1305 1921 suspicari,
1328 1837 1376 1902 sic

199 1925 390 2011 philosophi
412 1926 607 2011 debuerunt,
631 1927 658 1994 si
681 1926 768 1991 forte
787 1949 842 1991 eos
860 1927 986 2011 primus
1001 1930 1152 2010 aspectus
1172 1926 1284 1997 mundi
1303 1948 1377 1990 con-

200 2016 403 2100 turbaverat,
426 2019 555 2100 postca,
579 2037 661 2080 cuma
675 2015 835 2081 vidissent
857 2020 967 2080 motus
990 2015 1059 2080 eius
1078 2014 1190 2079 finitos
1210 2019 1242 2079 et
1261 2037 1377 2100 aequa-

199 2104 283 2168 biles
307 2104 480 2188 omniaque
503 2104 584 2169 ratis
609 2104 777 2169 ordinibus
807 2105 975 2169 moderata
1005 2104 1269 2188 immutabilique
1300 2126 1376 2168 con·
1395 2127 1424 2166 ro

201 2193 338 2277 stantia,
360 2193 551 2279 intellegere
573 2192 680 2258 inesse
704 2193 847 2277 aliquem
869 2215 937 2257 non
959 2194 1066 2258 solum
1092 2192 1314 2257 habitatorem
1341 2194 1377 2256 in

200 2281 262 2346 hac
286 2282 479 2346 caelestiae
503 2281 612 2346 divina
635 2281 746 2366 domo,
777 2283 834 2346 sed
857 2282 956 2346 etiam
978 2287 1140 2346 rectorem
1170 2287 1204 2346 et
1233 2282 1377 2346 modera-

201 2373 308 2434 torem
332 2374 366 2434 et
388 2374 556 2454 tamquam
580 2369 796 2434 architectum
820 2370 906 2435 tanti
925 2371 1032 2454 operis
1056 2371 1205 2454 tantique
1223 2371 1376 2435 muneris.

65 2521 66 2526 ,
138 2461 182 2526 36
201 2457 299 2523 Nunc
323 2461 433 2522 autem
456 2459 538 2522 mihi
565 2459 716 2523 videntur
744 2482 786 2524 ne
816 2459 976 2543 suspicari
1006 2459 1150 2544 quidem,
1180 2464 1303 2544 quanta
1333 2460 1377 2524 sit

202 2546 439 2611 admirabilitas
464 2547 653 2611 caelestium
676 2569 785 2612 rerum
809 2552 908 2632 atque
930 2548 1145 2612 terrestrium.
1396 2571 1424 2612 25
1525 2578 1527 2627 i,

149 2649 182 2698 91
291 2634 458 2719 Principio
482 2636 570 2700 enim
593 2639 681 2700 terra
704 2635 770 2700 sita
787 2636 823 2701 in
847 2636 954 2700 media
980 2640 1074 2720 parte
1102 2636 1215 2701 mundi
1243 2637 1378 2702 circum-

201 2723 276 2789 fusa
299 2724 441 2809 undique
465 2729 516 2790 est
538 2725 600 2789 hac
624 2725 758 2790 animali
782 2725 994 2811 spirabilique
1016 2730 1148 2809 natura,
1178 2725 1230 2789 cui
1256 2748 1378 2791 nornen

240 2923 264 2973 1.
283 2919 355 2987 quod
375 2943 402 2964 =
425 2917 544 2987 aliquod,
580 2917 681 2972 Dieser
709 2917 762 2972 Ge·
817 2933 854 2970 an
882 2918 937 2971 den
965 2916 1079 2986 Gesang
1106 2917 1156 2971 des
1188 2916 1317 2986 Orpheus
1344 2937 1378 2972 zu

202 2988 309 3042 brauch
349 2989 398 3042 des
437 2987 602 3042 indefiniter
641 2987 762 3058 adjekti-
818 2988 930 3042 denken
947 2989 1052 3051 haben,
1076 2988 1199 3042 welcher
1222 2988 1268 3041 die
1286 2988 1377 3058 Argo-

202 3057 497 3113 vischenPronomens
511 3059 550 3112 ist
558 3059 696 3128 poetisch.
712 3058 764 3114 Boi
817 3061 923 3113 nauten
946 3059 997 3113 auf
1016 3059 1092 3112 ihrer
1109 3059 1196 3112 Fahrt
1213 3059 1378 3129 begleitete.

203 3127 301 3182 Cicero
323 3128 434 3182 kommt
461 3146 489 3182 es
518 3146 549 3183 so
575 3129 663 3184 ausser
689 3132 764 3184 nach
852 3133 950 3199 refert,
983 3131 1033 3184 das
1065 3129 1185 3198 Subjekt
1215 3129 1255 3184 ist
1290 3133 1378 3186 unbe-

202 3200 237 3266 si,
255 3200 325 3265 uisi,
348 3217 392 3267 ae,
410 3217 477 3256 uam
495 3217 548 3253 nur
565 3202 639 3262 noch
657 3200 687 3254 in
713 3201 764 3255 der
817 3201 937 3270 stimmt,
952 3200 1157 3271 entsprechend
1167 3201 1217 3254 der
1227 3200 1378 3257 situation.

202 3268 388 3338 Verbindung
400 3269 538 3326 mitellas
550 3287 608 3325 vor.
629 3271 656 3325 S.
671 3276 762 3337 §1152
855 3277 896 3327 15.
923 3273 982 3326 alia
1000 3274 1095 3326 malta.
1121 3273 1153 3324 In
1179 3272 1234 3325 den
1256 3272 1377 3328 Hdschr.

202 3341 263 3395 alia
280 3356 350 3410 quac
371 3346 482 3395 actura.
818 3343 919 3397 stehen
933 3341 1010 3396 diesc
1024 3342 1122 3396 Worte
1136 3343 1210 3396 nach
1219 3344 1305 3410 Itcm‚·
1318 3343 1378 3398 dic-

240 3419 265 3466 3.
283 3413 351 3465 ictos
369 3407 498 3480 ‘errcgt’.
819 3414 916 3468 selben
935 3413 998 3467 sind
1013 3413 1118 3482 jedoch
1132 3431 1183 3468 vor
1197 3414 1376 3468 demletzten

239 3487 264 3536 4.
283 3483 360 3550 Nisi,
374 3499 456 3536 wenn
469 3481 551 3536 nicht
564 3485 674 3538 etwa=
686 3484 764 3538 ‘oder
819 3483 895 3540 citat
912 3484 1072 3552 unhaltbar,
1092 3484 1225 3538 wahrend
1244 3483 1285 3538 sic
1302 3484 1376 3537 nach

205 3568 235 3606 es
253 3551 351 3606 moute
370 3549 464 3608 denn’.
819 3553 1375 3610 demselbendasRaisonnementdesHir·

240 3629 265 3679 5.
286 3624 394 3693 Triton,
414 3643 436 3680 s.
446 3643 468 3680 a.
484 3625 504 3693 I,
516 3631 557 3679 78.
818 3628 866 3680 ten
881 3625 912 3683 in
927 3625 1194 3694 geeignetcheise
1208 3625 1376 3680 abbrechen.

241 3702 283 3751 10.
298 3698 477 3766 perfremunt.
514 3695 568 3751 Die
591 3697 763 3752 Rudernden
854 3703 896 3751 23.
915 3699 1046 3762 mmreris,
1065 3715 1086 3752 s.
1101 3716 1123 3753 z,
1138 3697 1158 3766 I,
1170 3703 1213 3753 19.
1284 3695 1288 3700 ’

203 3767 317 3821 werden
353 3767 406 3821 mit
445 3768 561 3822 raschen
604 3768 765 3838 Delphines
853 3775 896 3822 24.
916 3769 1119 3837 Naucratem,
1136 3785 1287 3824 auarum
1310 3769 1379 3822 oder

203 3837 374 3963 {erglifflss’
393 3839 501 3963 pelage
525 3839 694 3893 schnalzend
717 3839 763 3894 die
817 3839 989 3964 pffipdnaac
1009 3841 1092 3964 hstetzt
1107 3839 1186 3964 kqprpl
1210 3839 1379 3964 mpklichep

225 3925 257 3964 ee
297 3926 344 3963 urc
366 3927 396 3963 sc
417 3927 462 3964 ner
484 3926 526 3965 en.
909 3927 1008 3964 emmo
1054 3928 1107 3969 ,wn
1151 3928 1230 3979 cen,
1265 3927 1357 3964 ernac

241 3985 283 4036 13.
298 3981 415 4049 Silvani,
431 3981 475 4034 ein
490 3979 762 4036 altitalischer·Gott
815 3981 1119 4051 antikerVorstellung
1133 3981 1375 4050 derVergangen·

206 4051 254 4104 des
274 4051 404 4118 Waldes,
433 4051 498 4105 fruh
524 4053 578 4106 mit
605 4052 665 4106 Pan
683 4052 762 4106 iden·
818 4051 880 4106 heit
897 4053 1044 4122 angehdr’q
1063 4057 1212 4122 entgegen.

204 4120 318 4176 tifiziert
342 4122 402 4176 und
431 4123 480 4177 wie
509 4122 601 4177 dieser
634 4122 687 4177 mit
715 4124 765 4177 der
855 4129 1017 4188 §91-133.
1036 4121 1379 4177 DritterAbschnitt

203 4192 372 4248 Hirtenflbte
391 4195 586 4263 ausgestattet.
819 4194 881 4247 des
896 4194 1029 4248 dritten
1051 4192 1284 4263 Hauptteiles.
1316 4191 1378 4246 Dic
1397 4191 1402 4200 ’

242 4269 284 4316 14.
310 4265 449 4332 auditam,
473 4267 577 4318 meton.
592 4261 656 4318 ‘das
674 4262 764 4320 Iicd'.
819 4263 1380 4320 Herrlichheitderhimmlischen

203 4331 271 4384 Man
289 4333 360 4387 wird
377 4333 440 4387 hier
457 4334 538 4388 nicht
555 4335 636 4388 mehr
654 4351 690 4388 an
710 4336 765 4389 den
818 4337 883 4389 und
920 4334 1117 4391 irdischen
1144 4335 1266 4406 Dingc
1298 4336 1381 4402 legt

205 4404 335 4455 nauticas
343 4409 440 4458 cautas
452 4404 501 4457 der
510 4404 634 4474 Schiffer,
643 4405 765 4460 sondern
818 4406 967 4476 Zeugnis
986 4409 1026 4462 ab
1040 4407 1095 4462 fdr
1113 4407 1189 4463 cine
1203 4407 1380 4479 gottliche
