3059 4917
213 255 276 319 126
597 249 647 304 DE
667 248 821 304 NATURA
840 247 1004 304 DEORUM.

212 436 275 499 que
297 413 517 498 prudentiam,
541 435 678 499 quarum
702 417 753 477 eat
773 413 936 477 cotidiana
955 412 1149 478 conveniens
1169 417 1390 496 constansque

212 502 389 586 conversio,
409 524 468 567 nec
487 502 611 567 habent
629 501 793 566 aetherios
813 524 927 566 cursus
944 523 1049 586 neque
1068 502 1158 566 caelo
1173 501 1388 585 inhaerentes,

211 597 249 656 ut
279 591 427 676 plerique
459 591 572 656 dicunt
603 590 758 675 physicae
790 590 929 655 rationis
955 590 1071 675 ignari.
1118 589 1195 655 Non
1222 594 1274 654 est
1300 590 1388 654 enim

211 680 353 745 aetheris
387 703 425 745 ea
455 684 587 765 natura,
618 684 656 744 ut
682 679 717 743 vi
744 702 804 744 sua
831 680 943 744 stellas
968 679 1137 763 complexa
1160 682 1389 764 contorqueat3

210 792 288 833 nam
320 769 428 833 tenuis
460 791 498 834 ac
529 769 699 854 perlucens
728 772 762 833 et
790 768 952 854 aequabili
980 768 1087 832 calore
1110 767 1251 832 suffusus
1275 767 1425 832 aethera

158 872 193 921 55
211 880 278 923 non
302 857 382 922 satis
406 861 503 941 aptus
527 859 567 922 ad
591 858 702 922 stellas
727 857 940 922 continendas
960 857 1099 923 videtur.
1134 855 1267 921 Habent
1284 855 1389 942 igitur

211 969 304 1012 suam
341 946 513 1031 sphaeram
546 947 660 1012 stellae
691 946 873 1010 inerrantes
906 945 948 1010 ab
981 945 1128 1010 aetheria
1160 945 1388 1010 coniunctione

212 1039 371 1101 secretam
404 1039 437 1100 et
468 1035 614 1100 liberam.
661 1033 785 1100 Earum
817 1038 927 1099 autem
958 1056 1116 1118 perennes
1147 1056 1259 1099 cursus
1289 1038 1387 1118 atque

210 1125 362 1209 perpetui
385 1146 458 1189 cum
481 1124 667 1189 admirabili
689 1123 937 1208 incredibilique
961 1123 1147 1188 constantia
1168 1123 1336 1188 declarant
1352 1122 1389 1186 in

210 1213 262 1278 his
286 1213 353 1278 vim
377 1217 410 1277 et
433 1219 576 1278 mentem
600 1235 671 1278 esse
694 1212 851 1297 divinam,
874 1217 924 1296 ut,
947 1211 1028 1276 haec
1050 1212 1123 1296 ipsa
1146 1211 1203 1296 qui
1225 1233 1438 1276 nonsen·1o

211 1302 275 1367 tiat
297 1302 431 1367 deorum
454 1302 521 1367 vim
543 1301 677 1386 habere,
700 1301 729 1366 is
751 1301 836 1365 nihil
859 1301 991 1366 omnino
1015 1323 1169 1365 sensurus
1194 1323 1265 1365 esse
1282 1301 1388 1366 videa-

158 1405 192 1455 56
211 1395 274 1456 tur.
325 1390 425 1455 Nulla
456 1391 560 1477 igitur
592 1391 627 1454 in
660 1390 748 1455 caelo
780 1413 841 1454 nec
873 1389 1006 1454 fortuna
1036 1411 1097 1454 nec
1129 1389 1298 1455 temeritas
1325 1411 1387 1454 nec

212 1480 332 1545 erratio
354 1502 415 1544 nec
437 1480 565 1544 vanitas
589 1479 676 1544 inest
695 1482 873 1564 contraque
893 1478 998 1543 omnis
1018 1479 1111 1564 ordo,
1134 1478 1270 1563 veritas,
1293 1478 1388 1563 ratio,

212 1569 410 1654 constantia3
448 1591 594 1653 quaeque
625 1567 678 1632 his
710 1572 828 1633 vacant
860 1567 1018 1632 ementita
1050 1572 1084 1632 et
1114 1567 1199 1632 falsa
1227 1568 1388 1652 plenaque

212 1657 345 1742 erroris,
377 1679 415 1721 ea
442 1657 564 1722 circum
592 1662 697 1722 terras
724 1655 812 1721 infra
839 1657 964 1741 lunam,
997 1678 1079 1741 quae
1103 1656 1249 1721 omnium
1270 1657 1388 1721 ultima
1407 1679 1436 1720 rs

163 1782 168 1790 ·
211 1749 275 1828 est,
311 1745 347 1808 in
384 1745 545 1830 terrisque
581 1750 761 1811 versantur.
818 1743 1016 1811 Caelestium
1052 1766 1130 1832 ergo
1163 1745 1388 1811 admirabilem

212 1833 358 1898 ordinem
387 1834 674 1920 incredibilemque
705 1834 939 1918 constantiam,
973 1857 1013 1898 ex
1042 1856 1107 1919 qua
1129 1834 1332 1899 conservatio
1355 1839 1389 1898 et

211 1923 298 1987 salus
327 1923 472 1987 omnium
500 1924 605 1988 omnis
630 1923 747 2008 oritur,
775 1924 832 2008 qui
853 1947 969 1989 vacare
997 1927 1106 1988 mente
1129 1927 1238 2008 putat,
1265 1923 1293 1988 is
1316 1923 1388 2008 ipse

156 2025 191 2075 57
211 2011 331 2076 mentis
356 2035 469 2097 expers
492 2013 659 2078 habendus
681 2017 740 2078 cst.
786 2012 885 2078 Haud
904 2034 995 2099 ergo,
1019 2017 1057 2077 ut
1076 2013 1205 2097 opinor,
1229 2034 1390 2098 erravero,

246 2223 773 2279 anectabeataetherioscarao.1)ie
822 2220 916 2291 ‘eiteh
944 2225 1035 2277 lautcr
1072 2217 1227 2292 Ordnung’.
1275 2221 1388 2277 Ehenso

210 2292 409 2364 Bewegungen
428 2295 478 2348 der
496 2294 640 2348 Fixsterne
659 2295 773 2349 werden
827 2300 911 2359 §582
930 2297 1019 2351 omnic
1041 2301 1169 2361 mactas,
1197 2293 1233 2346 ad
1251 2292 1317 2348 sam.
1339 2293 1387 2362 lv,

210 2363 291 2418 nicht
304 2365 525 2438 hervorgqruien
540 2366 628 2418 durch
643 2365 696 2420 den
705 2365 772 2419 Um·
826 2371 851 2433 4,
863 2381 891 2422 5:
911 2367 990 2421 cuias
1008 2381 1054 2436 epo
1073 2382 1135 2420 cam
1156 2365 1232 2419 amai
1249 2366 1391 2433 probitate

211 2435 348 2504 schwung
363 2436 411 2490 des
427 2436 541 2502 hibere,
562 2435 624 2491 eine
640 2435 771 2507 Ansieht,
826 2453 984 2505 summaque
1006 2439 1119 2502 virtute,
1143 2442 1201 2490 tam
1223 2437 1325 2490 stadiis
1342 2437 1387 2490 dc·

211 2505 772 2576 welcheXenophanes,Anaxagoras‚De-
828 2509 914 2564 lector.
936 2507 988 2561 Die
998 2506 1150 2574 folgenden
1160 2506 1258 2560 Worte
1273 2507 1387 2560 wurden

210 2576 588 2646 mohritvertratena-acc,
603 2579 771 2634 adversativ.
828 2578 888 2632 sich
925 2578 1100 2648 vollsttndig
1136 2577 1290 2633 chiastisch
1326 2580 1386 2632 ent-

245 2665 330 2718 aeqac
347 2649 420 2703 caelo
434 2650 611 2706 inlraereatea
638 2649 690 2704 Die
711 2649 771 2703 nix-
826 2650 976 2720 sprechen,
1001 2667 1084 2703 wenn
1106 2650 1173 2704 ordo
1200 2649 1277 2704 seiae
1298 2647 1388 2703 Stelle

210 2721 303 2774 sterne
321 2719 383 2774 sind
399 2719 480 2775 nicht
496 2720 549 2774 wie
565 2721 656 2791 thel
673 2721 703 2775 in
720 2722 772 2776 das
825 2721 899 2774 nach
916 2723 1017 2777 mattas
1034 2720 1122 2776 hatte.
1152 2719 1204 2774 Die
1219 2721 1385 2790 horrespon·

209 2788 770 2863 Firmamenteingesohlagennndfolgen
825 2791 981 2846 dierenden
1011 2791 1127 2847 Glieder
1163 2791 1279 2846 wurden
1312 2792 1388 2844 daun

210 2862 629 2933 derBcvegungdesletateren,
639 2864 771 2929 wieAna-
825 2863 886 2917 sein
895 2865 1010 2930 fortuna
1023 2894 1055 2903 -
1067 2864 1233 2931 amantia,
1251 2865 1388 2918 ammius

209 2930 334 2987 ximenes
342 2934 399 2987 und
406 2933 595 3004 Empedohles
604 2934 770 3003 annahmen,
826 2936 951 3002 —ratia
970 2936 1073 2989 erratio
1088 2966 1121 2975 -
1137 2935 1212 3001 ordo,
1226 2936 1338 2990 vanitas
1353 2964 1385 2972 -

210 3005 330 3058 sonderu
346 3005 385 3058 sie
395 3005 489 3058 haben
498 3005 559 3060 ihre
571 3005 653 3071 eigne
664 3005 771 3074 Sphdre
823 3006 931 3060 veritae.

209 3075 267 3128 und
290 3074 351 3128 ihre
380 3076 572 3146 selbsthndige
598 3076 768 3147 Bewegung.
860 3081 902 3132 15.
922 3077 1044 3131 omnium
1071 3093 1108 3131 sc.
1132 3077 1281 3132 stellarum.
1316 3075 1386 3129 Zum

209 3145 302 3198 Wenn
322 3163 351 3200 es
370 3145 410 3198 im
428 3145 585 3215 Gegensatz
604 3165 636 3200 zu
655 3163 770 3210 unserer
823 3145 978 3201 Gedanken
1001 3149 1057 3216 vgl.
1080 3147 1115 3201 de
1132 3165 1153 3201 r.
1173 3165 1201 3217 p.
1215 3148 1262 3215 Vl,
1279 3152 1326 3201 17:
1354 3148 1387 3200 ia

211 3214 769 3284 stelleTuso.V,ceheioasideraoidm'r
823 3219 918 3286 infimo
945 3221 1008 3274 orbe
1035 3220 1104 3274 laria
1131 3221 1222 3273 radiis
1251 3220 1317 3274 solra
1339 3234 1385 3272 ac-

209 3287 423 3341 iaaamerodilia
438 3288 510 3342 caelo
522 3290 693 3344 ialraererdia
705 3307 767 3345 cam
820 3306 902 3345 caasa
922 3292 1095 3346 conuertitur.
1122 3290 1207 3357 Infra
1221 3296 1387 3344 autemeam

209 3358 767 3430 eiasipciasmotaconpraereceatisiafiaa
821 3362 896 3416 adiri
923 3369 962 3418 cst
986 3363 1044 3416 atsi
1067 3363 1180 3416 mortale
1204 3366 1230 3415 et
1252 3361 1386 3415 caducam

208 3429 326 3494 redibas,
345 3444 376 3480 so
396 3429 515 3484 erhennt
541 3447 608 3484 man
635 3432 685 3486 das
713 3431 765 3486 Be·
816 3439 928 3502 practer
971 3434 1078 3487 anicios
1121 3448 1232 3487 manere
1274 3433 1385 3486 deorum

210 3499 322 3554 streben
341 3499 391 3553 des
406 3499 520 3568 Balbus,
540 3501 768 3558 denl'ixsternen
821 3504 961 3558 bominum
975 3505 1068 3574 peoora·
1081 3505 1171 3570 dalea
1187 3519 1275 3572 capra
1289 3504 1386 3557 lanam

209 3569 251 3623 als
270 3570 430 3640 gottlichen
445 3570 548 3627 Wesen
566 3573 627 3628 ihre
643 3573 769 3629 Freiheit
821 3581 889 3630 caat
906 3580 1018 3630 aeterna
1037 3577 1138 3629 anaia

209 3659 243 3696 zu
262 3643 362 3696 retten.
860 3651 903 3700 17.
918 3647 1086 3702 coacervatio
1102 3677 1134 3685 -
1149 3645 1271 3700 omnium
1285 3643 1384 3699 omnis.

245 3720 269 3769 5.
289 3715 428 3783 aequabili
446 3717 532 3770 colore
549 3717 685 3784 suffusas,
705 3715 767 3770 aine
821 3716 875 3772 Die
894 3717 1121 3787 gevdhnlichere
1139 3715 1271 3782 Stellung
1287 3713 1385 3768 warde

209 3784 480 3856 Gleichmassigleit,
495 3787 603 3842 welche
618 3788 707 3842 durch
721 3787 768 3842 die
822 3785 1385 3853 scinomauomniameonrervaao.sJao.

208 3857 375 3928 Berr'ihrung
384 3857 436 3912 mit
444 3857 629 3927 derseurigen
638 3858 768 3913 Sternen-
860 3865 901 3915 19.
929 3861 1027 3933 merdic
1053 3875 1148 3929 capere
1172 3859 1312 3913 habendas
1336 3861 1385 3910 cst.

209 3929 276 3983 welt
294 3932 404 3998 gestbrt
422 3929 534 3984 werden
552 3930 653 3984 wiirde.
822 3929 887 4000 Vgl.
903 3929 949 3984 die
968 3928 1123 4000 Anilernng
1145 3927 1304 3983 Friedrichs
1332 3926 1385 3980 des

244 4007 269 4054 8.
280 4001 692 4056 carras-eam-coaoaatia.
702 4001 768 4071 Vgl.
823 3999 935 4055 Grollen
962 4001 992 4054 in
1020 4003 1110 4056 einem
1138 3998 1299 4069 Gesprtche
1329 3995 1387 4051 mit

208 4071 316 4139 ll,144:
328 4073 459 4127 introitus
465 4073 559 4128 maltis
571 4088 632 4126 cam
643 4073 769 4140 danitae
823 4071 859 4125 de
869 4071 941 4140 Catt,
951 4071 1102 4127 veranlasst
1109 4071 1197 4125 durch
1205 4069 1252 4124 die
1261 4068 1385 4123 Lehture

208 4143 259 4212 Ill,
288 4149 334 4196 64:
361 4145 472 4197 animas
491 4159 553 4197 cam
575 4143 766 4214 intellegentia.
823 4142 915 4197 dieser
929 4142 1031 4198 Stella:
1051 4141 1107 4211 Oh,
1120 4159 1186 4196 mon
1200 4140 1270 4209 ami,
1288 4139 1312 4194 si
1326 4138 1385 4193 l'cn

210 4213 236 4268 S.
254 4215 279 4280 l,
294 4221 327 4268 30
342 4233 362 4268 z.
382 4217 441 4270 siae
460 4229 577 4282 corpore.
821 4212 944 4269 n'admet
962 4231 1013 4284 pas
1036 4231 1074 4268 un
1102 4216 1162 4268 atre
1185 4213 1387 4267 conservateur

245 4289 286 4337 13.
306 4291 465 4352 contraque,
484 4300 583 4353 wegen
600 4301 651 4354 quc
664 4301 685 4342 s.
701 4284 721 4352 I,
733 4290 767 4340 ⁷5
821 4284 857 4338 de
876 4288 922 4341 cet
939 4285 1065 4353 univers,
1084 4284 1106 4338 il
1124 4284 1186 4338 faut
1199 4282 1280 4338 avoir
1292 4281 1384 4352 perdo

209 4371 231 4406 z.
245 4354 331 4420 sitque
345 4371 429 4422 para.
820 4355 849 4410 le
868 4372 931 4410 sens
950 4373 1093 4425 commun,
1111 4357 1176 4409 tant
1197 4355 1232 4408 de
1254 4354 1307 4407 fins
1332 4352 1384 4405 ad·

244 4425 332 4476 corais
367 4424 447 4490 ordo,
484 4426 572 4479 omrai
615 4424 768 4494 qualitativ
821 4425 968 4496 mirables‚
991 4429 1055 4482 tant
1077 4427 1112 4482 de
1135 4441 1251 4495 movens
1274 4440 1386 4495 ponry
