3059 4917
480 252 823 312 1111.11.οΑΡ.11-11.
843 263 987 323 sse-ss.
1261 262 1326 332 145

146 417 303 482 solarium
330 418 382 482 vel
409 417 603 502 discriptum
625 419 676 482 ve]
701 441 740 483 ex
762 441 848 503 aqua
871 421 1106 506 contemplere,
1133 421 1324 509 intellegere

145 506 304 571 declarari
332 505 431 571 horas
463 511 547 591 arte,
576 528 643 571 non
674 529 764 592 casu,
795 508 952 572 mundum
975 513 1098 594 autem,
1129 511 1186 595 qui
1208 515 1242 574 et
1263 511 1323 578 has

145 594 234 678 ipsas
258 599 345 660 artes
370 599 403 659 et
426 617 538 659 earum
562 595 704 660 artifices
729 601 762 660 et
786 601 905 661 cuncta
923 599 1172 683 complectatur,
1195 599 1324 664 consilii

146 687 180 747 et
208 683 346 748 rationis
377 705 448 748 esse
478 688 644 768 expertem
674 685 813 768 putare?
860 684 984 761 Quodsi
1011 687 1047 750 in
1069 686 1238 772 Scythiam
1266 693 1323 754 aut
1341 700 1377 751 88

113 771 178 836 sin
212 771 419 837 Britanniam
453 773 626 856 sphaeram
658 773 777 857 aliquis
810 775 925 838 tulerit
954 774 1053 860 hanc,
1090 798 1188 860 quam
1219 799 1323 861 nuper

144 860 316 925 familiaris
326 865 439 926 noster
458 861 565 926 effecit
582 861 793 946 Posidonius,
813 863 904 928 cuius
925 863 1074 950 singulae
1093 865 1321 932 conversiones

143 949 230 1013 idem
254 949 401 1014 efficiunt
423 949 459 1014 in
481 951 549 1014 sole
572 955 606 1015 et
628 951 664 1014 in
686 951 764 1014 luna
788 955 821 1016 et
843 951 879 1015 in
898 951 1040 1037 quinque
1059 953 1164 1018 stellis
1184 955 1321 1019 erranti-

144 1037 218 1122 bus,
247 1039 334 1123 quod
361 1037 503 1103 efficitur
525 1039 560 1103 in
583 1039 672 1104 caelo
697 1039 836 1126 singulis
860 1040 973 1105 diebus
998 1045 1032 1107 et
1053 1043 1221 1127 noctibus,
1248 1043 1321 1128 quis

144 1127 180 1190 in
201 1127 260 1191 illa
282 1127 434 1191 barbaria
457 1127 598 1212 dubitet,
622 1128 702 1212 quin
725 1151 763 1192 ea
786 1127 924 1212 sphaera
947 1130 992 1194 sit
1008 1131 1154 1214 perfecta
1170 1131 1322 1197 ratione?

100 1239 126 1278 10
144 1213 189 1278 Hi
219 1220 329 1282 autem
359 1216 511 1281 dubitant
541 1216 580 1280 de
610 1217 745 1301 mundo,
776 1240 816 1281 ex
845 1241 910 1302 quo
939 1223 972 1282 91
999 1219 1150 1285 oriuntur
1177 1225 1210 1285 et
1236 1221 1321 1287 fiunt
1339 1221 1385 1287 35

145 1304 268 1388 omnia,
297 1327 415 1369 casune
442 1305 513 1389 ipse
542 1305 586 1370 sit
614 1305 747 1371 effectus
776 1309 833 1371 aut
854 1307 1051 1373 necessitate
1074 1308 1184 1393 aliqua
1207 1331 1250 1373 an
1271 1333 1321 1374 ra-

144 1392 234 1457 tione
252 1413 290 1457 ac
309 1398 418 1465 mente
437 1393 560 1479 divina,
580 1397 613 1457 et
626 1393 858 1458 Archimedem
874 1396 1077 1461 arbitrantur
1090 1398 1164 1481 plus
1178 1398 1320 1463 valuisse

143 1481 179 1545 in
208 1482 375 1547 imitandis
406 1481 563 1566 sphaerae
592 1482 859 1547 conversionibus
887 1506 985 1567 quam
1011 1488 1164 1550 naturam
1191 1486 1227 1550 in
1253 1486 1321 1550 effi-

143 1569 279 1656 ciendis,
315 1572 510 1655 praesertim
547 1593 622 1636 eum
658 1571 777 1655 multis,
804 1573 954 1655 partibus
988 1573 1055 1637 sint
1086 1574 1144 1638 illa
1174 1573 1320 1658 perfecta

97 1681 124 1722 11
143 1681 241 1742 quam
259 1658 341 1724 haec
359 1660 513 1724 simulata
532 1660 708 1738 sollertius.
744 1659 850 1744 Atqui
867 1661 923 1726 ille
942 1662 1027 1745 apud
1041 1661 1179 1727 Accium
1196 1667 1319 1748 pastor,
1338 1675 1375 1725 89

143 1749 199 1833 qui
216 1771 333 1814 navem
351 1771 531 1834 numquam
545 1753 622 1813 ante
635 1748 782 1833 vidisset,
799 1754 838 1813 ut
855 1751 969 1833 procul
989 1750 1136 1816 divinum
1150 1755 1184 1817 et
1197 1774 1319 1817 novum

141 1836 326 1902 vehiculum
349 1835 617 1923 Argonautarum
640 1859 657 1902 9
680 1842 793 1902 monte
817 1839 999 1924 conspexit,
1023 1840 1130 1924 primo
1154 1841 1320 1906 admirans

143 1929 176 1988 et
198 1926 391 2009 perterritus
414 1926 477 1991 hoc
500 1927 597 1992 modo
620 1927 780 2011 loquitur:

622 2049 746 2114 Tanta
769 2051 890 2115 moles
909 2052 1060 2117 labitur

97 2160 124 2200 so
231 2135 493 2202 Fremibunda
516 2160 560 2202 ex
583 2138 663 2203 alto
686 2139 842 2225 inge'nti
865 2140 998 2205 sonitu
1021 2146 1059 2205 ct
1082 2139 1235 2226 spiritu,

112 2275 123 2285 .
231 2225 328 2292 Prae
352 2249 391 2291 se
413 2227 534 2292 dndas
556 2227 695 2312 volvit,
718 2227 887 2293 vertices
910 2229 948 2294 vi
971 2230 1153 2315 sdsaitat,

230 2313 325 2381 Ruit
347 2317 546 2401 prolapsa,
569 2317 730 2403 pelagus
754 2316 964 2404 respergit,
987 2318 1116 2383 reflat.

230 2403 292 2468 Ita
315 2405 401 2469 dum
423 2403 689 2489 interruptum
713 2405 846 2471 credas
869 2407 1041 2472 nimbum
1064 2408 1227 2493 vdlvier,

178 2654 202 2702 1.
233 2650 380 2716 solariam,
416 2649 615 2720 urspriinglich
654 2649 699 2704 dia
755 2649 907 2707 Catilinam
938 2669 972 2707 ea
1008 2655 1076 2708 arbe
1113 2655 1154 2708 aei
1189 2655 1316 2710 eiecimus

142 2717 319 2787 Sannorum,
352 2721 527 2790 discriptam,
559 2720 625 2775 weil
653 2721 699 2776 die
753 2723 795 2778 aei
817 2725 908 2792 ipsam
937 2725 1112 2794 egredientem
1140 2727 1229 2780 verbis
1248 2742 1315 2794 pre·

141 2787 257 2858 Flecte,
286 2789 336 2842 auf
365 2791 487 2845 welcher
519 2792 569 2845 der
600 2791 700 2860 Zeiger
752 2797 839 2848 secati
857 2811 959 2849 ramas.
992 2794 1314 2864 Verg.(lre0rg.l‚127:

140 2857 281 2930 (γνώμων)
309 2862 403 2928 stand,
432 2862 521 2915 durch
542 2861 643 2916 Linien
669 2863 699 2917 in
752 2865 816 2932 ipsa
833 2867 913 2921 tellas
930 2865 1314 2934 omniaferebat.Daf1“1rII,

140 2930 308 2984 Abschnitta
327 2931 428 3000 geteilt
446 2949 511 2986 war.
548 2933 630 2986 Dann
647 2934 696 2988 be·
753 2940 819 2989 1191
838 2938 901 3006 ipsa
914 2953 967 3005 per
984 2953 1045 2991 sese.

140 3000 269 3055 zeichnet
287 3001 337 3056 das
356 3003 439 3056 Wort
456 3001 496 3055 im
510 3002 698 3072 allgemeinen
789 3012 831 3063 14.
845 3009 1007 3076 praesertim
1026 3024 1096 3075 eam,
1116 3024 1137 3064 s.
1152 3025 1176 3063 a.
1189 3007 1210 3075 Ι,
1221 3013 1264 3064 26.

139 3071 313 3139 Zeitmesser‚
333 3071 420 3126 daher
432 3075 564 3128 solariam
582 3091 615 3129 ea
628 3091 701 3144 aqaa
793 3083 834 3132 15.
853 3074 1228 3148 simalata‘nachgebildet'.
1247 3078 1313 3137 Hor.

139 3169 166 3189 =
189 3144 338 3214 clepsydra.
386 3143 424 3197 Zu
456 3145 603 3198 letzterem
630 3146 700 3200 Aus-
755 3163 800 3202 ars
832 3151 908 3218 poet.
938 3156 983 3205 191
1015 3151 1131 3218 fortasse
1158 3166 1315 3220 capraram

139 3214 245 3268 drucke
271 3214 328 3284 vgl.
351 3213 428 3270 Caes.
452 3216 480 3272 b.
505 3215 536 3273 G.
560 3215 594 3284 V,
615 3221 657 3285 13,
674 3233 700 3272 4:
753 3221 809 3275 scis
826 3221 962 3275 simaiare.

138 3287 219 3341 certis
243 3302 276 3340 ea
298 3302 372 3355 aqua
401 3289 543 3344 measaris.
582 3287 608 3342 S.
626 3288 647 3356 I,
665 3295 700 3343 30
789 3290 903 3359 Aerias,
923 3310 951 3360 p.
970 3291 1065 3346 Plano.
1093 3297 1141 3346 59:
1168 3293 1262 3362 prauis
1288 3298 1315 3347 et

138 3375 161 3410 a.
176 3359 235 3412 rme
253 3374 370 3427 corpore.
753 3362 920 3432 impertaesus
942 3368 1037 3430 poeta
1063 3363 1127 3432 geb.
1155 3369 1214 3430 170,
1240 3366 1312 3432 gest

174 3435 199 3482 3.
231 3435 316 3497 artes,
339 3429 463 3484 konkret
483 3425 697 3500 ‘Kunstwerke',
728 3439 854 3500 ,1111190
880 3432 988 3487 10111.
1024 3433 1062 3486 Er
1081 3433 1210 3488 verfasste
1237 3434 1312 3488 zahl-

138 3497 191 3552 wie
217 3499 283 3554 Hor.
303 3517 347 3569 ep.
363 3501 381 3569 Ι,
398 3506 422 3569 6,
439 3516 475 3555 rr:
503 3507 647 3571 arpentum
674 3508 700 3557 et
752 3502 849 3557 reiche
863 3502 1024 3573 Tragbdien
1034 3505 1107 3558 nach
1116 3504 1313 3574 griechischen

137 3586 258 3624 marmor
296 3577 371 3627 aetas
412 3587 529 3640 aeraque
566 3579 592 3627 et
626 3579 699 3628 artes
751 3573 887 3628 Mustern.
911 3575 964 3629 Die
974 3574 1125 3644 folgenden
1133 3575 1312 3646 jambischen

136 3642 250 3708 saepire.
752 3643 855 3698 Senare
892 3644 956 3699 sind
988 3663 1038 3700 aus
1079 3645 1171 3701 rainer
1211 3647 1312 3701 Medea

175 3717 199 3763 ὅ.
209 3712 360 3779 sphaeram,
370 3711 417 3766 ein
430 3713 629 3783 Planetarium,
640 3730 697 3769 von
751 3715 871 3786 (Nonius
889 3735 916 3786 p.
933 3717 987 3788 90).

137 3779 306 3834 Posidonius
331 3781 505 3838 konstruiert
530 3786 605 3838 nach
633 3785 697 3840 dem
787 3792 830 3840 16.
848 3788 989 3856 dirimam,
1012 3787 1075 3840 weil
1093 3787 1146 3842 mit
1163 3786 1241 3841 Hilfe
1261 3787 1335 3848 der,

137 3849 289 3919 Vorgange
313 3851 362 3905 des
385 3853 576 3908 Archimedes.
613 3855 695 3912 Tusa
750 3856 845 3911 Pallas
865 3859 966 3912 erbaut
984 3859 1040 3912 und
1058 3858 1133 3911 nach
1156 3858 1312 3912 beendeter

137 3921 159 3989 1,
170 3926 216 3976 63:
235 3923 408 3977 Archimedes
427 3940 488 3978 eam
508 3927 604 3994 tarrae,
621 3929 695 3996 solis,
748 3927 838 3982 Fahrt
856 3932 937 3983 anter
956 3929 1002 3983 die
1021 3929 1120 3983 Sterne
1139 3931 1269 3983 versetat.

137 3994 259 4062 qaiaqae
278 3995 431 4048 erramiam
449 4001 537 4050 motae
557 3997 590 4050 ia
601 3999 694 4066 eptae·
785 4005 827 4055 10.
847 4001 954 4070 imperiti
971 4002 1065 4056 sonita
1078 4006 1103 4054 et
1115 4001 1225 4069 spirita.
1244 4000 1309 4067 Vgl.

136 4080 197 4118 ram
212 4065 355 4136 ialipaeit,
369 4066 467 4132 effecit,
484 4072 517 4120 at
530 4069 660 4122 tarditate
673 4075 698 4124 et
751 4069 858 4123 Ennius
886 4073 959 4140 trag.
982 4071 1032 4126 rel.
1052 4077 1068 4125 6
1091 4070 1214 4125 Vahlen:
1236 4072 1311 4125 sarde

136 4137 271 4191 retemtate
294 4137 493 4192 dissimillimos
524 4144 612 4193 motas
638 4157 697 4194 aaa
750 4143 841 4196 eritar
854 4143 939 4196 imber
955 4144 1049 4197 samita
1065 4158 1144 4197 saeco
1161 4142 1309 4211 aspirita.

135 4214 237 4278 reperet
254 4209 399 4263 coaaersio.
786 4218 829 4266 22.
844 4215 975 4284 priapus,
997 4213 1157 4268 Accusativ.

172 4285 196 4333 9.
216 4279 358 4346 barbaria,
378 4296 398 4335 s.
413 4278 435 4334 Ι.
451 4285 494 4334 81.
786 4289 829 4338 23.
850 4285 916 4339 dam
934 4317 968 4325 —
987 4286 1053 4339 dam
1076 4283 1117 4338 im
1141 4282 1226 4338 Sinna
1252 4299 1309 4336 von

173 4355 215 4404 10.
234 4351 286 4418 Hi,
306 4349 351 4403 die
370 4349 535 4420 Epikureer.
747 4359 809 4408 tam
823 4360 930 4409 -tam
947 4355 1037 4410 findet
1050 4354 1112 4409 sich
1125 4357 1204 4409 sonst
1220 4353 1309 4408 nicht.

173 4423 215 4474 11.
239 4421 296 4490 ipse
318 4419 386 4475 ‘von
414 4417 523 4480 selbst'.
544 4420 603 4476 car.
620 4421 695 4491 II,1:
785 4425 910 4480 nimbum
923 4421 1143 4496 ‘Regenwolke'.

189 4525 294 4580 crunno,
305 4537 339 4570 nn
350 4537 449 4572 aarum
460 4539 573 4575 nnonun.
1061 4519 1095 4568 1⁰
