3059 4917
486 283 553 338 LIB.
568 284 604 338 ΙΙ.
622 282 699 337 CAP.
714 289 828 338 48-50.
849 289 864 349 5
881 289 1027 338 123-126.
1282 288 1344 355 165

172 445 359 531 Eademque
383 445 462 510 haec
486 447 554 510 avis
579 445 734 510 scribitur
753 445 886 510 conchis
911 467 946 509 se
961 445 1065 510 solere
1084 447 1255 532 complere,
1278 470 1345 512 eas-

173 557 234 621 que
254 557 327 598 cum
347 533 508 598 stomachi
527 535 632 599 calore
652 534 852 618 concoxerit,
875 556 1023 598 evomere
1042 538 1140 619 atque
1158 535 1206 600 ita
1225 535 1345 621 eligere

173 624 290 708 exiis,
314 645 396 708 quae
421 627 497 687 sunt
521 624 694 688 esculenta.
740 622 852 687 Ranae
882 627 992 687 autem
1018 623 1163 688 marinae
1192 623 1406 689 dicuntur-125

173 713 309 778 obruere
333 735 403 776 sese
426 711 549 790 harena
571 712 675 776 solere
699 715 732 776 et
754 711 879 776 moveri
905 734 1008 796 prope
1036 734 1168 797 aquam,
1196 713 1236 777 ad
1263 736 1344 798 quas

141 800 266 886 squasi
289 801 329 864 ad
354 823 462 865 escam
483 801 590 884 pisces
614 823 688 865 cum
711 801 922 885 accesserint,
945 801 1060 865 confici
1088 824 1108 865 a
1130 801 1218 866 ranis
1247 807 1345 887 atque

173 889 329 955 consumi.
384 889 487 955 Miluo
525 894 575 954 est
613 890 776 974 quoddam
807 889 930 953 bellurn
960 890 1054 974 quasi
1089 890 1239 956 naturale
1271 913 1345 955 cum

173 1001 284 1064 corvo,
308 999 386 1065 ergo
410 978 493 1042 alter
516 978 650 1042 alterius
674 977 870 1062 ubicumque
892 982 1030 1042 nanctus
1054 982 1105 1042 est
1128 1000 1189 1042 ova
1211 978 1345 1066 frangit.

173 1067 260 1132 Illud
282 1089 359 1132 vero
384 1067 424 1131 ab
448 1065 628 1132 Aristotele
652 1067 926 1151 animadversum,
949 1090 969 1131 a
993 1089 1057 1151 quo
1080 1067 1248 1152 pleraque,
1271 1069 1345 1152 quis

173 1160 284 1240 potest
306 1178 374 1220 non
396 1155 531 1220 mirari?
555 1177 651 1242 grues
676 1178 749 1220 cum
775 1156 848 1220 loca
880 1155 1035 1220 calidiora
1063 1160 1212 1239 petentes
1242 1157 1346 1222 maria

107 1267 155 1306 ·1c
174 1245 415 1329 transmittant,
442 1244 601 1330 trianguli
631 1243 757 1308 efficere
789 1243 943 1329 formam;
976 1244 1044 1308 eius
1075 1249 1185 1309 autem
1217 1268 1346 1311 summo

174 1334 294 1420 angulo
318 1339 373 1398 a'e'r
396 1333 437 1397 ab
465 1333 506 1398 iis
530 1333 683 1397 adversus
714 1332 861 1417 pellitur,
892 1332 1006 1397 deinde
1036 1333 1156 1398 sensim
1187 1334 1228 1398 ab
1258 1339 1347 1398 utrc-

174 1444 236 1506 que
259 1423 370 1506 latere,
393 1425 562 1506 tamquam
584 1421 698 1506 remis,
727 1422 776 1486 ita
798 1421 907 1505 pinnis
932 1443 1044 1486 cursus
1075 1421 1183 1486 avium
1210 1423 1345 1488 levatur.

173 1509 268 1575 Basis
292 1514 402 1575 autem
424 1509 596 1596 trianguli,
620 1533 716 1595 quem
740 1509 888 1574 efficiunt
915 1532 1027 1596 grues,
1058 1534 1095 1575 ea
1127 1515 1294 1596 tamquam
1326 1534 1346 1576 a

172 1599 275 1683 puppi
298 1599 404 1664 ventis
429 1599 613 1684 adiuvatur,
637 1621 757 1684 eaeque
785 1599 821 1663 in
851 1602 944 1685 tergo
971 1600 1232 1683 praevolantium
1262 1601 1347 1664 colla

129 1708 154 1749 15
173 1692 207 1752 et
230 1689 338 1772 capita
360 1692 537 1773 reponunt3
570 1689 656 1772 quod
687 1688 764 1772 quia
795 1688 865 1771 ipse
898 1689 962 1752 dux
993 1688 1100 1753 facere
1128 1710 1196 1753 non
1226 1693 1346 1773 potest,

174 1777 250 1861 quia
272 1799 340 1842 non
357 1776 470 1861 habet,
493 1777 550 1840 ubi
568 1777 709 1861 nitatur,
732 1777 872 1861 revolat,
894 1781 932 1841 ut
950 1777 1020 1861 ipse
1039 1800 1167 1862 quoque
1186 1778 1346 1862 quiescat;

173 1865 208 1928 in
231 1865 300 1930 eius
323 1866 432 1930 locum
456 1865 600 1930 succedit
623 1887 662 1929 ex
684 1865 739 1950 iis,
764 1887 847 1950 quae
870 1865 1077 1951 adquierunt,
1101 1889 1201 1951 eaque
1224 1866 1347 1931 vicissi-

173 1954 252 2017 tudo
275 1954 311 2017 in
334 1953 423 2017 omni
450 1976 547 2018 cursu
580 1959 799 2018 conservatur.
845 1953 951 2019 Multa
980 1954 1048 2019 cius
1080 1955 1170 2018 modi
1200 1955 1409 2039 proferrent

173 2063 321 2125 possum,
345 2042 401 2106 scd
424 2063 526 2127 genus
540 2042 790 2127 ipsum-videtis.
836 2042 907 2107 Iam
924 2065 1000 2108 vero
1019 2043 1077 2107 illa
1095 2043 1194 2109 etiam
1207 2044 1346 2128 notiora,

130 2151 156 2191 ac
175 2134 298 2215 quanto
323 2153 356 2194 se
381 2153 476 2214 opere
492 2130 678 2196 custodiant
691 2131 829 2216 bestiae,
844 2136 882 2195 ut
899 2132 934 2195 in
953 2136 1051 2216 pastu
1066 2132 1346 2217 circumspectent,

174 2223 212 2283 ut
235 2219 270 2282 in
293 2218 453 2283 cubilibus
474 2219 668 2284 delitiscunt.
691 2220 801 2305 Atque
820 2221 878 2284 illa
895 2220 1071 2305 mirabilia,
1095 2222 1180 2304 quod
1199 2219 1251 2307 (ea
1265 2244 1346 2306 quac
1366 2221 1409 2288 30

172 2329 276 2391 nuper
301 2308 348 2388 [id
370 2311 420 2372 est
438 2308 550 2394 paucis
575 2313 650 2374 ante
674 2309 803 2389 saeclis]
828 2309 1027 2374 medicorum
1050 2309 1191 2395 ingeniis
1215 2314 1346 2393 reperta

210 2472 233 2519 1.
252 2465 391 2530 scribitur,
411 2463 457 2518 die
468 2465 646 2534 persdnliche
657 2465 732 2518 Kon·
787 2465 988 2535 angegebenen
999 2465 1160 2520 Formation
1169 2465 1294 2536 weniger
1303 2465 1347 2520 ins

173 2536 327 2603 struhticn‚
356 2535 409 2590 wie
439 2536 517 2590 Tusc.
542 2537 566 2605 Ι,
589 2543 652 2590 114:
685 2538 734 2606 qui
786 2536 923 2592 Gewicht.

172 2608 221 2662 troc
239 2609 264 2661 ei
282 2609 402 2662 muueris
420 2608 524 2662 dedisse
541 2609 680 2663 scribitur.
825 2613 865 2661 14.
884 2625 903 2661 a
917 2608 1010 2677 puppi
1022 2609 1117 2675 centra
1137 2625 1157 2664 s.
1173 2608 1193 2674 l,
1204 2613 1238 2662 30
1253 2627 1274 2662 z.
1288 2610 1348 2663 siue

210 2685 233 2732 3.
253 2679 352 2732 Ranae
364 2679 498 2746 mar-iriae,
516 2679 566 2732 der
583 2678 732 2747 Seeteufel,
787 2676 897 2748 corpore
920 2681 1007 2734 deum.
1049 2679 1138 2732 Daftir
1165 2679 1249 2748 Verg.
1277 2681 1347 2734 Aen.

173 2749 298 2817 Lophius
311 2749 490 2817 piscatorias,
508 2749 555 2802 ein
573 2748 613 2802 im
626 2749 732 2803 Mittel-
788 2749 835 2818 ΙΙΙ,
849 2755 913 2804 130:
932 2765 1046 2820 surpere
1064 2768 1082 2804 o
1095 2751 1188 2819 pappi
1204 2756 1306 2804 centua

174 2835 250 2888 inser
263 2817 601 2888 heimischchaubfisch‚
612 2820 734 2874 welchcr
826 2826 866 2876 15.
887 2822 980 2890 capitu
997 2827 1141 2890 reponunt.
1165 2819 1257 2874 Wenn
1274 2820 1347 2873 auch

174 2887 359 2944 Ahnlichheit
391 2888 443 2942 mit
485 2890 575 2944 eincm
612 2891 734 2946 Frosche
789 2890 850 2945 dies
864 2890 945 2945 nicht
958 2890 1098 2960 feststeht,
1113 2908 1144 2946 so
1159 2889 1198 2945 ist
1212 2891 1286 2944 doch
1301 2890 1347 2945 die

174 2957 233 3014 hat.
279 2959 363 3014 Arist.
390 2961 417 3013 h.
442 2977 466 3014 a.
490 2961 540 3029 IX,
570 2966 603 3015 37
629 2961 735 3014 erztthlt
789 2960 1348 3032 andereBecbachtung,dalldicFfihrer

174 3045 230 3084 von
262 3029 335 3098 ihm,
372 3028 428 3083 dall
461 3047 491 3084 er
523 3031 599 3085 scine
631 3032 734 3086 ftthlcr-
789 3034 838 3087 des
853 3033 943 3102 Zuges
957 3033 1000 3086 oft
1013 3032 1198 3102 abwechseln‚
1216 3031 1329 3102 richtig.

175 3100 286 3170 artigen
301 3100 441 3169 stechela
462 3101 507 3155 die
523 3102 583 3156 sich
597 3103 670 3156 nach
685 3103 735 3156 der
826 3111 867 3158 19.
891 3120 977 3174 percus
1000 3105 1101 3174 ipsum,
1125 3103 1164 3157 im
1191 3103 1348 3174 Gegensatz

175 3171 269 3239 Spitzc
288 3189 322 3224 zu
339 3172 560 3242 knollenfttrmig
579 3172 733 3243 erweitern,
788 3192 822 3227 zu
849 3175 904 3228 den
932 3173 1076 3229 einzelnen
1101 3173 1274 3245 Beispielen,
1302 3174 1347 3229 die

173 3243 331 3312 gleichsam
350 3243 391 3297 als
406 3243 500 3298 Kdder
514 3245 559 3297 fur
573 3244 618 3298 dic
634 3244 734 3300 Fische
788 3244 950 3313 Wahrheit,
978 3245 1023 3299 die
1047 3246 1207 3300 Thatsache
1232 3245 1272 3299 im
1297 3247 1347 3300 all·

174 3315 349 3382 ausstreche,
369 3315 500 3369 wthreud
522 3332 552 3370 er
571 3315 631 3368 sich
647 3315 735 3370 selbst
788 3317 945 3386 gemeinen,
974 3314 1031 3370 dall
1058 3334 1122 3371 man
1154 3317 1279 3371 namlich
1308 3317 1349 3371 im

174 3384 213 3439 im
232 3385 374 3440 Schlamm
384 3386 441 3439 und
453 3386 528 3441 Sand
538 3386 683 3456 verberge.
701 3387 734 3440 ln
789 3386 1348 3458 TierrcichtiberalldergrtllltenZweck-

175 3456 280 3512 diesem
296 3457 380 3511 Sinna
399 3457 438 3511 ist
462 3457 508 3512 die
531 3457 734 3528 kompenditse
788 3458 948 3526 malligkeit
965 3458 1120 3528 begeguet,
1143 3476 1199 3514 von
1223 3460 1273 3514 der
1300 3459 1351 3512 auf

150 3527 357 3598 ,Darstellung
380 3526 491 3582 Ciceros
518 3547 551 3582 zu
576 3529 733 3583 verstehen.
790 3526 841 3582 das
854 3528 969 3582 Wirken
985 3529 1062 3582 einer
1075 3537 1179 3585 acturo
1193 3531 1349 3602 iutelleperra

210 3604 235 3653 8.
253 3601 288 3654 ab
309 3599 462 3655 Aristotele.
490 3599 574 3655 Diese
590 3600 734 3654 Becbach-
789 3600 971 3670 geschlossen
989 3601 1103 3655 werden
1121 3600 1198 3656 mult.

174 3670 246 3736 tung
263 3669 351 3723 findet
374 3669 434 3723 sich
457 3670 539 3724 nicht
559 3671 590 3724 in
614 3671 669 3724 den
692 3688 734 3725 er·
824 3672 875 3725 itta
893 3672 974 3725 ctiam
992 3673 1111 3739 notiora,
1130 3672 1200 3726 tiber
1218 3671 1264 3726 die
1279 3671 1349 3725 Aus-

175 3737 309 3792 haltenen
328 3739 471 3794 Schriften
491 3741 539 3795 des
559 3741 734 3796 Aristoteles.
789 3742 905 3811 lassuug
922 3759 979 3796 von
1002 3749 1067 3798 suat
1091 3743 1121 3796 in
1149 3742 1241 3796 dieser
1265 3742 1349 3795 Fcrm

212 3815 254 3862 10.
273 3811 373 3877 efficere
388 3840 422 3850 -
433 3813 556 3880 pellitur,
571 3829 670 3881 wegen
684 3813 734 3866 des
789 3812 840 3867 der
857 3815 987 3869 transitio
1001 3832 1021 3868 s.
1033 3814 1053 3882 Ι,
1065 3820 1127 3869 toz.
1139 3814 1189 3868 illu
1196 3813 1348 3881 palmaria.

176 3866 357 3949 ilberganges
382 3897 431 3934 aus
455 3882 505 3935 der
529 3885 599 3937 orat.
619 3883 735 3952 obliqua
825 3889 867 3937 21.
887 3900 957 3952 quae
974 3901 1063 3954 nuper
1085 3915 1117 3924 -
1141 3889 1248 3952 repertu
1273 3889 1347 3938 suut.

175 3953 207 4004 in
221 3949 267 4003 die
282 3952 351 4005 orat.
367 3953 445 4005 recta
459 3953 512 4021 sl,
529 3960 578 4008 123
593 3973 614 4008 a.
628 3955 734 4021 fuisset.
789 3954 857 4007 Zum
888 3953 1044 4008 Godanken
1079 3954 1136 4024 vgl.
1165 3953 1237 4008 Plin.
1265 3971 1291 4008 n.
1319 3953 1348 4009 h.

213 4026 254 4076 11.
274 4024 508 4090 uer—adversus,
524 4023 570 4077 die
584 4042 635 4080 vor
649 4025 735 4079 ihnen
788 4025 893 4092 XXIX,
917 4031 946 4080 4:
978 4027 1137 4081 vomitiones
1167 4041 1270 4094 quoque
1299 4025 1350 4080 hoc

174 4092 424 4162 befindlichehuft
432 4095 537 4148 welche
547 4094 586 4148 sie
595 4096 734 4150 zudurch-
789 4097 1348 4153 auimaltcminibusmcuctrasseoidctur.

176 4164 330 4249 schneidcn
348 4164 450 4219 haben.
498 4235 505 4248 ⁵
539 4231 546 4251 ο
791 4199 824 4208 -
843 4167 952 4237 Wegcn
969 4184 1059 4256 πειρον
1077 4162 1269 4255 ‘erstjtingst'
1289 4166 1348 4236 vgl.

174 4235 735 4388 illut-tulletatlltltl:
789 4237 1350 4365 tl:³t0tlttttltlil0ff·tl

177 4377 229 4431 deu
250 4377 345 4432 Seiten
369 4379 418 4433 des
439 4379 589 4433 Drereckes
607 4378 674 4433 fallt
691 4380 736 4433 fur
790 4396 879 4449 nuper
905 4380 1001 4450 htufig
1027 4397 1083 4435 von
1115 4380 1193 4435 einer
1219 4378 1350 4435 ziemlich

176 4446 222 4502 die
235 4447 452 4520 Erleichterung
466 4450 515 4504 des
525 4450 627 4521 Fluges
641 4449 671 4504 in
686 4451 736 4504 der
789 4450 888 4505 fernen
905 4450 1136 4521 Vergangcnhcit
1151 4455 1253 4522 gesagt
1270 4451 1350 4515 wird,
