3059 4917
235 245 298 310 112

615 241 665 296 DE
683 240 838 295 NATURA
856 239 1019 296 DEORUM.

232 425 316 488 quae
343 406 431 468 terra
463 403 626 488 concipiat
658 403 796 488 semina,
829 425 974 489 quaeque
1005 404 1079 488 ipsa
1110 426 1150 468 ex
1182 425 1217 468 se
1249 408 1410 490 generata

233 491 392 575 stirpibus
414 492 515 556 infixa
538 492 713 578 contineat,
736 515 775 557 ea
797 493 1033 576 temperatione
1056 492 1173 557 caloris
1201 496 1235 557 et
1263 492 1342 558 oriri
1370 497 1409 557 et

233 601 415 666 augescere.
443 580 553 666 Atque
571 603 674 666 aquae
694 581 794 646 etiam
812 581 994 646 admixtum
1013 602 1083 646 esse
1102 581 1243 646 calorem
1261 581 1409 665 primum

231 669 304 752 ipse
326 669 434 754 liquor
456 691 558 755 aquae
582 670 725 735 declarat
749 674 782 734 et
804 669 905 755 fusio,
936 692 1018 755 quae
1047 691 1152 755 neque
1184 670 1409 756 conglaciaret

232 757 412 843 frigoribus
430 780 535 843 neque
557 758 632 824 nive
654 759 836 844 pruinaque
864 762 1099 843 concresceret,
1127 757 1193 822 nisi
1225 758 1337 823 eadem
1369 781 1407 823 se
1429 780 1444 821 s

232 846 378 911 admixto
402 847 508 911 calore
535 847 711 933 liquefacta
742 851 776 912 et
807 846 933 930 dilapsa
965 841 1168 913 diffrmderet.
1223 847 1338 932 Itaque
1371 851 1409 912 et

233 933 441 1019 aquilonibus
465 935 663 1021 reliquisque
690 935 869 1022 frigoribus
900 935 1035 1000 adiectis
1066 935 1209 1001 durescit
1238 957 1341 1020 umor,
1372 940 1409 1000 et

232 1023 319 1088 idem
341 1023 487 1089 vicissim
511 1024 658 1089 mollitur
681 1023 865 1108 tepefactus
896 1028 930 1088 et
961 1023 1102 1089 tabescit
1134 1024 1248 1089 calore.
1294 1023 1408 1109 Atque

234 1111 334 1176 etiam
356 1113 459 1176 maria
487 1113 614 1199 agitata
644 1113 750 1178 ventis
784 1113 832 1176 ita
864 1116 1044 1196 tepescunt,
1073 1117 1111 1176 ut
1133 1112 1282 1199 intellegi
1310 1112 1408 1178 facile

233 1199 339 1283 possit
361 1201 397 1265 in
418 1201 520 1266 tantis
544 1201 610 1266 illis
633 1201 802 1266 umoribus
834 1223 905 1265 esse
936 1201 1099 1265 inclusum
1131 1202 1279 1266 calorem.
1334 1200 1456 1267 Necte

234 1288 321 1352 enim
343 1289 398 1354 ille
422 1293 574 1354 externus
598 1292 631 1354 et
654 1289 855 1354 adventicius
878 1289 1046 1354 habendus
1071 1293 1121 1355 est
1144 1294 1255 1375 tepor,
1287 1291 1343 1355 sed
1367 1313 1409 1354 ex

233 1376 359 1442 intimis
383 1379 482 1442 maris
505 1378 653 1462 partibus
678 1378 858 1465 agitatione
882 1378 1055 1460 excitatus,
1079 1379 1166 1463 quod
1183 1377 1306 1443 nostris
1325 1401 1407 1464 quo·

235 1487 296 1550 que
320 1466 510 1550 corporibus
534 1466 711 1553 contingit,
739 1489 812 1533 cum
842 1471 936 1531 motu
965 1471 1063 1552 atque
1096 1467 1327 1533 exercitatione
1357 1490 1407 1532 re·

234 1554 407 1619 calescunt.
453 1554 529 1638 Ipse
551 1577 628 1619 vero
656 1562 726 1640 atr,
759 1555 816 1641 qui
846 1558 965 1620 natura
1002 1559 1053 1620 est
1085 1557 1224 1620 maxime
1256 1555 1408 1641 frigidus,

179 1654 213 1704 2⁷
234 1642 368 1706 minime
392 1645 442 1707 est
466 1665 579 1727 expers
604 1644 734 1730 caloris3
763 1644 818 1708 ille
841 1666 918 1708 vero
942 1649 975 1708 et
998 1644 1102 1710 multo
1136 1645 1266 1730 quidem
1299 1645 1408 1710 calore
1428 1667 1455 1710 rs

234 1730 398 1795 admixtus
423 1735 486 1816 est3
510 1731 580 1816 ipse
595 1731 681 1797 enim
697 1733 802 1797 oritur
816 1755 854 1797 ex
869 1733 1084 1817 respiratione
1103 1756 1274 1818 aquarum3
1294 1756 1408 1798 earum

235 1818 322 1883 enim
346 1819 439 1904 quasi
461 1843 563 1906 vapor
586 1821 718 1905 quidam
740 1829 796 1886 atr
818 1820 987 1886 habendus
1002 1824 1077 1906 est3
1099 1822 1128 1886 is
1147 1826 1257 1887 autem
1276 1822 1408 1887 exsistit

272 1998 295 2046 1.
313 1993 376 2062 ipsa
393 2010 426 2048 ex
446 2011 473 2048 se
507 2001 625 2050 ereata
653 1994 791 2066 Theophr.

234 2061 299 2146 hist.
311 2063 354 2154 pl.
368 2064 444 2152 I‚l‚'1:
463 2086 494 2119 αι
517 2064 640 2154 perfores
663 2068 719 2154 cpio
738 2087 792 2135 ‹pv-

233 2154 289 2188 των
308 2155 325 2204 η
346 2155 504 2205 acropatus
522 2157 539 2206 η
555 2156 612 2191 erto
626 2155 792 2207 europaeve.

233 2205 397 2332 {qugen
422 2206 471 2262 des
494 2207 648 2277 folgenden
669 2225 701 2263 ea
720 2209 792 2275 all,

251 2278 331 2332 tar*
351 2318 357 2332 .

233 2364 453 2474 tirtqdddiwlialdr
462 2352 596 2485 ‘diffidis
605 2351 792 2490 eiifidboidb

233 2489 330 2558 stirpes
356 2495 430 2544 terra
461 2492 650 2558 continentem
681 2491 714 2557 11,
743 2497 789 2547 83:

232 2576 302 2628 qaae
315 2577 333 2613 a
351 2566 425 2614 terra
447 2562 580 2630 stirpibus
603 2563 792 2630 continentem

233 2630 253 2698 Ι,
265 2635 295 2684 4:
314 2631 433 2699 reliqua,
451 2648 520 2700 qaae
538 2638 612 2687 terro
626 2635 738 2702 periet;
756 2634 790 2701 ΙΙ,

233 2707 280 2755 24:
300 2718 377 2757 omne
390 2708 464 2757 terra
477 2704 591 2770 editum
611 2704 645 2772 ΙΙ,
657 2710 704 2759 51:
723 2721 793 2774 qaae

232 2773 393 2828 onustare
416 2779 503 2842 terra,
527 2773 572 2828 die
595 2775 791 2844 gewthnliche

232 2843 459 2914 Umschreihung
477 2844 522 2899 fiir
536 2841 694 2902 ‘Pflanaen'.
715 2847 792 2902 Statt

233 2915 333 2969 dessen
352 2916 385 2984 ΙΙ,
395 2922 441 2980 36;
462 2923 508 2981 99ς
526 2922 589 2983 1283
607 2924 669 2975 130:
685 2920 792 2988 stirpes,

232 2984 364 3109 gqh‘rleud
378 2989 493 3056 plantae
507 2985 667 3058 ‘Setzlinge'
686 2988 793 3044 heissen

278 3072 336 3110 re.

268 3131 293 3180 Ι.
312 3129 503 3196 temperatione
521 3125 792 3184 caloris‘durchdas

231 3195 353 3265 richtige
373 3196 574 3253 thrmemass'.

269 3273 293 3321 3.
303 3268 442 3336 primum,
457 3269 521 3322 dem
535 3269 694 3339 entsprieht
706 3271 792 3325 nach·

232 3337 283 3392 her
301 3409 306 3421 Ι
327 3337 546 3394 anakoluthisch
582 3345 671 3411 Atque
711 3343 794 3397 ettam

232 3424 331 3463 merae.

269 3484 294 3533 4.
317 3480 391 3544 fresio
413 3475 472 3534 ‘die
497 3481 649 3552 F'sthigheit
674 3482 735 3538 sich
760 3503 794 3538 zu

233 3547 465 3677 argrileefiqq’upie
485 3555 648 3678 goaiepctt'o
673 3561 698 3610 et
723 3572 792 3610 eom-

329 3640 356 3686 ‚t
429 3640 460 3677 as
513 3639 571 3678 erm
610 3642 646 3678 en
671 3643 704 3679 zu
732 3643 793 3680 ver-

252 3643 793 3767 indenundzusammenzrifassen’ffl't),

228 3761 472 3846 praesepitio‘das
494 3763 791 3836 Ahnungsvermdgen’

233 3835 279 3901 (de
308 3835 364 3890 drv.
388 3836 408 3905 Ι,
423 3839 482 3907 66),
510 3839 630 3893 inventio
658 3836 713 3892 ‘die
742 3838 791 3891 Er-

231 3903 457 3977 findungsgabe’‚
473 3909 634 3979 excogitatio
645 3904 708 3963 'das
723 3909 791 3963 Ver-

231 3981 335 4046 mtgen
363 3994 395 4030 zu
423 3976 560 4033 ersinnen'
590 3979 681 4050 (Tusc.
704 3980 723 4048 Ι,
737 3983 792 4049 61).

231 4045 295 4116 Vgl.
311 4049 332 4115 Ι,
349 4055 378 4102 15
397 4052 523 4120 cognitio.

269 4122 293 4174 t.
331 4120 393 4174 sice
419 4122 578 4191 pruinaque
615 4129 793 4178 caoaeeret

228 4183 273 4241 ‘zu
302 4185 344 4231 —’
372 4189 426 4259 aig.
454 4187 605 4249 ‘mittelst'.
651 4192 701 4249 Ov.
723 4193 794 4248 net.

231 4258 265 4326 V,
289 4265 355 4315 6732
391 4262 482 4331 ripr'do
510 4279 674 4319 concessere
704 4270 793 4319 rostro

231 4344 282 4382 ora
299 4331 379 4385 sidet.

269 4405 292 4453 9.
318 4406 463 4470 tepescant.
513 4402 567 4458 Die
595 4403 714 4458 Ansieht
741 4404 792 4460 der

846 1996 946 2063 Alten,
966 1993 1023 2049 dass
1042 1994 1131 2050 durch
1154 1994 1201 2050 die
1227 1995 1331 2050 Winde
1359 1994 1406 2050 die

847 2066 1032 2135 Temperatur
1073 2066 1122 2120 des
1159 2066 1266 2121 Meeres
1304 2066 1407 2120 erhdht

846 2138 948 2203 werde,
967 2138 1018 2191 hat
1031 2136 1173 2191 naturlich
1186 2136 1279 2191 nichts
1293 2136 1407 2207 gemein

847 2207 900 2262 mit
918 2208 973 2261 den
986 2209 1138 2263 modemen
1153 2208 1406 2264 warmetheorien.

848 2278 894 2333 Sia
912 2279 1036 2347 glauben
1050 2280 1194 2345 vielmehr‚
1209 2278 1266 2333 das
1280 2279 1325 2334 die
1341 2281 1407 2334 dem

846 2351 940 2403 Meere
950 2349 1173 2405 innewohnende
1187 2350 1309 2419 Wtrme‚
1324 2366 1407 2404 wenn

846 2420 975 2474 dasselbe
1012 2421 1100 2475 durch
1134 2421 1179 2476 die
1211 2420 1314 2475 Winde
1345 2420 1405 2474 auf·

845 2491 973 2560 gewt'ihlt
997 2491 1080 2560 wind,
1107 2509 1144 2546 an
1170 2491 1217 2547 die
1241 2491 1405 2547 Oberllacha

846 2563 926 2616 trete.

883 2657 924 2705 14.
942 2653 1060 2706 mocime
1076 2653 1205 2722 fripr'drrs.
1224 2651 1278 2708 Die
1293 2651 1407 2706 Stoiker

846 2721 995 2776 sehrieben
1015 2722 1070 2777 den
1096 2722 1262 2778 Elementen
1285 2721 1405 2793 garrisse

845 2792 1000 2847 Merkmale
1022 2811 1068 2862 au,
1095 2811 1127 2848 eo
1155 2794 1218 2848 dem
1243 2794 1331 2848 Feuer
1358 2792 1406 2848 die

845 2863 967 2928 Warme,
987 2865 1052 2918 dem
1066 2864 1180 2918 Wasser
1195 2864 1240 2918 die
1254 2863 1404 2932 Fenchtig-

845 2934 918 3002 kalt,
938 2935 988 2989 der
1006 2935 1072 2989 Luft
1090 2935 1136 2990 die
1152 2935 1241 3003 Katre,
1260 2936 1310 2990 der
1331 2935 1405 2989 Erde

847 3006 893 3060 die
912 3006 1109 3062 Troclrenheit.
1146 3005 1231 3061 Diese
1250 3006 1405 3061 Merhmele

847 3075 972 3131 erleiden
987 3077 1092 3146 jedoch
1106 3078 1178 3132 nach
1197 3077 1274 3132 ihrer
1286 3076 1407 3130 Ansicht

846 3147 1019 3203 mancherlei
1032 3147 1272 3215 Modifikatiouen,
1279 3148 1310 3216 je
1319 3149 1405 3202 nach·

848 3218 911 3271 dem
931 3217 1023 3273 dieser
1041 3219 1109 3274 oder
1124 3220 1204 3288 jener
1219 3219 1293 3273 Stoff
1307 3219 1405 3272 hinau-
1506 3280 1507 3285 ¹

847 3289 923 3357 tritt,
957 3308 979 3344 a.
998 3290 1029 3343 B.
1058 3308 1119 3343 aum
1142 3290 1258 3344 Wasser
1281 3290 1406 3344 Warme·
1506 3294 1507 3307 ¹

848 3359 917 3413 oder
934 3359 1087 3414 Kaltestoff
1103 3364 1156 3417 etc.

884 3454 924 3503 15.
943 3449 997 3503 Re
1013 3466 1076 3505 vero
1090 3445 1168 3503 ‘nein
1186 3449 1223 3502 im
1239 3445 1404 3520 Gegenteil’,

848 3536 871 3574 s.
886 3519 921 3587 ΙΙ,
932 3525 947 3572 4
960 3538 983 3575 a.
998 3521 1077 3575 illem
1094 3537 1163 3576 cero.
1196 3521 1238 3573 Im
1252 3520 1407 3590 folgenden

847 3590 926 3644 hatte
944 3607 1011 3644 man
1029 3593 1173 3646 erwartet:
1193 3593 1281 3646 calore
1298 3593 1406 3646 admic-

846 3667 892 3716 tus
901 3667 948 3728 est,
963 3669 988 3716 et
1001 3663 1086 3717 mutto
1099 3664 1215 3732 quedem.
1235 3663 1297 3717 Von
1307 3660 1405 3716 Cicero

846 3731 915 3785 wird
922 3731 1028 3800 jedoch
1037 3733 1169 3787 auweilen
1178 3734 1229 3788 das
1239 3733 1406 3787 erkltrende

846 3808 872 3857 et
898 3804 1005 3872 quidem
1042 3803 1106 3858 dem
1142 3804 1406 3874 Beziehungsworte

846 3875 1057 3943 vorangestellt.
1104 3875 1155 3929 Ad.
1180 3876 1236 3931 Art.
1260 3875 1292 3943 X,
1314 3880 1360 3940 15,
1376 3881 1406 3930 4:

842 3961 983 4014 possemne
1004 3945 1109 4000 aliter?
1144 3946 1185 4002 Et
1202 3949 1310 4016 quidem
1327 3962 1407 4016 saepe
1505 3992 1506 3995 η

842 4017 985 4085 pollicitus
997 4033 1059 4071 sem
1078 4044 1106 4062 =
1120 4019 1263 4086 pollicitus
1282 4033 1353 4084 sem,
1381 4023 1408 4073 et

846 4088 953 4156 quidem
971 4103 1056 4157 saepe.

884 4182 924 4231 16.
944 4193 978 4230 ea
989 4177 1174 4263 ,respiratione
1191 4171 1251 4231 ‘aus
1270 4176 1320 4231 der
1333 4175 1407 4230 Aus-

846 4246 1006 4316 dr'instung‚
1025 4266 1079 4301 nur
1101 4247 1164 4302 hier
1183 4247 1214 4300 in
1237 4247 1329 4302 dieser
1352 4246 1407 4302 Be·

846 4316 980 4388 deutung.
1017 4319 1045 4374 Z.
1061 4319 1151 4372 Sachs
1169 4318 1227 4388 vgl.
1241 4319 1276 4387 ΙΙ,
1286 4323 1329 4372 84.

882 4412 925 4462 17.
943 4409 968 4461 is
986 4414 1076 4462 aretem
1094 4425 1134 4464 sc.
1147 4424 1239 4479 vapor.
