3059 4917
498 258 565 315 ria.
581 260 602 316 1.
617 258 693 316 oar.
708 266 924 327 a-ssr-n.
1255 266 1296 331 27

125 426 277 491 fortunae
301 445 420 509 magna
443 427 476 487 et
500 423 592 509 gravi
616 428 779 489 commota
802 423 934 509 iniuria,
964 424 1055 489 cuius
1084 423 1113 488 si
1142 424 1298 489 maiorem

126 515 269 599 aliquam
292 512 488 577 levationem
510 512 653 596 reperire
676 512 871 597 potuissem,
894 534 961 577 non
988 513 1029 577 ad
1056 512 1141 577 hanc
1168 514 1299 597 potissi-

126 626 216 668 mum
253 600 486 687 confugissem3
524 623 562 665 ea
593 622 670 666 vero
703 602 776 685 ipsa
806 601 897 666 nulla
926 602 1053 667 ratione
1083 601 1200 666 melius
1232 601 1298 666 frui

124 692 230 777 potui,
254 713 352 775 quam
377 691 405 755 si
428 712 570 755 menon
593 691 689 755 modo
714 690 753 755 ad
783 691 938 777 legendos
968 691 1084 775 libros,
1112 691 1168 756 sed
1199 691 1299 755 etiam

95 800 110 842 s
129 782 170 846 ad
188 784 294 845 totam
312 778 556 864 philosophiam
574 780 839 862 pertractandam
858 780 1027 845 dedissem.
1047 778 1169 844 Omnes
1188 785 1298 845 autem

124 870 192 935 eius
220 873 332 953 partes
365 872 463 953 atque
496 868 606 933 omnia
637 869 785 933 membra
813 873 885 933 tum
913 868 1078 933 facillume
1108 873 1298 954 noscuntur,

126 981 199 1024 cum
231 961 321 1022 totae
355 958 561 1042 quaestiones
595 957 764 1023 scribendo
796 958 1014 1043 explicantur3
1049 961 1100 1022 est
1123 958 1210 1022 enim
1242 958 1298 1021 ad·

125 1046 285 1111 mirabilis
310 1046 467 1130 quaedam
487 1046 689 1111 continuatio
709 1047 874 1131 seriesque
892 1070 1014 1131 rerum,
1036 1051 1075 1111 ut
1093 1047 1158 1111 alia
1176 1069 1215 1111 ex
1234 1047 1298 1111 alia

125 1157 209 1199 nexa
232 1138 264 1199 et
288 1158 399 1200 omnes
428 1135 514 1199 inter
545 1158 578 1201 se
611 1140 706 1220 aptae
740 1135 977 1222 colligataeque
1007 1135 1187 1200 videantur.
1235 1133 1351 1239 Qui10

82 1244 109 1284 10
127 1228 236 1289 autem
259 1224 442 1309 requirunt,
466 1225 544 1309 quid
566 1247 694 1310 quaque
718 1224 756 1288 de
780 1247 815 1289 re
838 1225 903 1308 ipsi
921 1224 1113 1309 sentiamus,
1137 1224 1296 1289 curiosius

126 1313 160 1377 id
182 1312 319 1397 faciunt,
344 1335 441 1397 quam
463 1335 595 1379 necesse
618 1317 681 1398 est3
703 1335 771 1378 non
794 1314 881 1377 enim
909 1318 978 1377 tam
1000 1318 1149 1378 auctores
1177 1313 1214 1377 in
1236 1313 1299 1377 dis·

126 1402 270 1486 putando
295 1424 393 1486 quam
415 1402 553 1467 rationis
577 1406 743 1467 momenta
767 1402 950 1487 quaerenda
973 1407 1059 1467 sunt.
1097 1400 1298 1478 Quinetiam

126 1491 219 1555 obest
236 1490 428 1576 plerumque
446 1490 502 1576 iis,
526 1492 582 1576 qui
600 1491 723 1556 discere
741 1490 870 1576 volunt,
893 1492 1072 1556 auctoritas
1092 1513 1218 1575 eorum,
1242 1491 1298 1575 qui

125 1601 158 1644 se
182 1578 296 1644 docere
319 1579 529 1665 profitentur,
553 1580 706 1649 desinunt
730 1580 817 1645 enim
839 1603 933 1645 suum
957 1580 1112 1645 iudicium
1135 1580 1298 1664 adhibere,

81 1688 106 1729 rs
124 1668 157 1733 id
169 1667 292 1733 habent
311 1672 434 1753 ratum,
453 1670 539 1754 quod
559 1669 600 1734 ab
620 1692 672 1754 eo,
687 1691 784 1755 quem
802 1670 957 1754 probant,
980 1669 1159 1734 iudicatum
1177 1669 1296 1734 vident.

125 1755 194 1822 Neo
217 1778 292 1822 vcro
316 1758 456 1841 probare
480 1758 569 1823 soleo
600 1759 647 1843 id,
672 1759 758 1843 quod
782 1758 821 1823 de
853 1758 1071 1844 Pythagoreis
1104 1758 1297 1842 accepimus,

125 1867 205 1931 quos
228 1845 351 1931 ferunt,
380 1847 408 1911 si
432 1847 510 1931 quid
533 1847 743 1912 adfirmarent
772 1847 808 1912 in
837 1847 1046 1932 disputando,
1076 1869 1151 1912 cum
1181 1869 1220 1911 ex
1250 1847 1296 1912 eis

125 1939 348 2019 quaereretur,
367 1957 467 2021 quare
486 1936 534 2001 ita
552 1941 652 2022 esset,
671 1936 867 2021 respondere
886 1936 1015 2001 solitos:
1039 1932 1144 2020 ‘lpse
1172 1936 1297 2000 dixit’.

120 2018 219 2107 ‘lpse'
251 2028 361 2089 autem
396 2030 466 2089 erat
497 2024 712 2111 Pythagoras.
758 2024 901 2089 Tantum
935 2024 1046 2108 opinio
1075 2024 1297 2108 praeiudicata

80 2132 108 2172 so
126 2115 268 2198 poterat,
290 2117 328 2177 ut
347 2113 447 2178 etiam
470 2114 540 2179 sine
562 2114 690 2179 rationo
713 2115 837 2179 valeret
864 2114 1052 2178 auctoritas.
1100 2110 1163 2187 Qui
1186 2117 1296 2177 autem
1317 2134 1348 2182 11

126 2200 328 2266 admirantur
363 2224 424 2267 nos
462 2202 546 2267 hano
582 2203 793 2287 potissimum
830 2202 1036 2286 disciplinam
1073 2204 1219 2286 secutos,
1255 2200 1296 2266 iis

124 2293 281 2375 quattuor
298 2289 501 2357 Academicis
524 2291 618 2358 libris
642 2292 723 2357 satis
746 2313 941 2377 responsum
963 2290 1100 2355 videtur.
1132 2288 1202 2355 Noc
1220 2311 1296 2354 vero

160 2454 183 2502 1.
206 2448 336 2515 fortunae
354 2479 388 2488 -—
408 2449 529 2504 Iniuria:
554 2449 604 2503 der
621 2448 682 2504 Tod
774 2456 816 2505 10.
829 2450 973 2517 curiosius,
988 2446 1296 2517 intadelndemSinne,

123 2518 173 2573 der
181 2517 277 2573 Tullia
285 2518 325 2572 im
335 2518 459 2574 Februar
469 2519 518 2574 des
527 2518 628 2576 Jahres
638 2526 681 2577 45.
736 2522 837 2575 andere
857 2527 930 2587 §92

158 2590 319 2645 amulorum
324 2591 447 2659 aliquam
453 2592 681 2660 leuatiousmder-
775 2598 815 2647 11.
825 2598 958 2658 auduus,
969 2590 1051 2645 dafdr
1060 2591 1108 2657 III,
1119 2595 1166 2644 91:
1175 2591 1297 2645 auetori-

122 2659 254 2731 gleichen
267 2660 328 2715 ihm
342 2662 387 2715 die
402 2661 554 2732 politisohe
564 2662 682 2732 Thatig·
736 2669 819 2731 tutes,
833 2679 890 2716 was
900 2662 1034 2732 libripens
1050 2661 1121 2715 auch
1132 2676 1168 2715 sn
1182 2676 1297 2715 unserer

121 2731 183 2787 leit
202 2731 329 2801 gewahrt
347 2732 441 2787 haben
459 2734 563 2789 wurdc.
737 2734 825 2789 Stella
840 2732 903 2788 cine
918 2730 1182 2803 gutcHandschrift
1195 2731 1293 2785 bietet.

158 2809 182 2857 5.
205 2802 302 2859 Omnes
315 2834 349 2843 —
359 2810 469 2873 partes:
482 2804 596 2874 Physilr,
616 2804 682 2860 Dia·
772 2806 804 2859 iu
836 2804 1004 2873 disputuudo
1040 2800 1083 2855 ‘in
1119 2801 1170 2855 der
1201 2799 1296 2854 Philo·

123 2871 229 2940 lektik,
260 2872 357 2929 Ethik.
405 2874 444 2929 Zu
477 2875 527 2930 der
559 2878 683 2930 ersteren
737 2871 855 2946 sophie'3
880 2874 937 2944 vgl.
957 2874 992 2928 de
1010 2873 1068 2941 leg.
1081 2872 1102 2939 I,
1119 2877 1166 2926 16:
1195 2872 1222 2927 si
1239 2872 1297 2926 ullo

123 2943 421 3000 rcchnendiemeisten
429 2946 479 2999 der
487 2946 683 3017 griechischen
736 2948 769 3001 iu
786 2962 881 3016 prum
898 2944 1063 3014 disputandi
1069 2984 1079 3012 ,
1102 2943 1134 2997 iu
1151 2944 1200 2998 toa
1218 2948 1297 3012 putc-

125 3014 317 3084 Philosophen
336 3016 382 3072 die
400 3017 565 3085 TheologIe.
735 3019 812 3086 fieri,
830 3018 897 3087 quid
914 3018 952 3072 sit
968 3016 1074 3071 domim
1091 3031 1110 3069 a
1127 3020 1232 3069 natura
1245 3014 1296 3069 tri·

161 3092 185 3141 7.
210 3091 282 3141 tuus
305 3089 475 3157 quaestiones
500 3087 564 3142 sind
589 3087 681 3159 philo·
737 3090 841 3145 butum

121 3156 682 3299 {shallIalslthltstsdltt
736 3166 824 3287 ..lic
842 3160 1123 3285 'llllcllfflssll
1141 3153 1297 3298 illata

597 3274 603 3299 ἱ
1088 3269 1095 3297 2

122 3318 178 3355 was
206 3299 364 3365 Quintilian
388 3301 422 3371 X,
438 3308 463 3369 5,
477 3319 503 3359 τι
522 3302 680 3372 empfiehlt:
735 3302 862 3372 Grfindc,
882 3301 929 3356 die
948 3302 1003 3355 den
1019 3299 1178 3369 Ausschlag
1195 3300 1295 3369 geben.

116 3389 168 3441 per
186 3377 259 3428 totas
276 3373 318 3427 tre
342 3374 485 3441 matarius,
513 3372 553 3427 im
571 3373 679 3444 Gegen·
773 3382 814 3430 13.
829 3376 877 3444 qui
891 3366 1295 3443 -profileutur‘derhehrer’.

121 3445 180 3497 satz
198 3460 236 3497 zu
254 3442 332 3497 einer
350 3442 552 3516 Betrachtung,
571 3445 680 3499 welche
734 3444 793 3501 Das
812 3443 1026 3500 Substantivum
1044 3443 1184 3513 professor
1206 3441 1296 3497 kennt

120 3514 190 3569 siber
218 3513 275 3568 den
292 3512 488 3571 Einzelheitcn
514 3516 564 3569 das
588 3516 680 3571 (lanzo
736 3515 833 3571 Cicero
850 3516 923 3571 noch
943 3514 1031 3582 nicht,
1051 3512 1180 3567 dasselbe
1194 3512 1297 3583 gehtrt

120 3602 169 3639 aus
189 3586 257 3639 dem
275 3584 356 3656 Auge
375 3586 502 3654 verliert,
527 3588 600 3642 ohne
624 3585 680 3641 dall
736 3588 787 3642 der
803 3586 961 3642 Kaiserzeit
984 3601 1028 3640 an.
1054 3583 1290 3652 Quint.X,5,1s=

121 3656 263 3723 daduroh,
290 3656 327 3709 da
348 3652 411 3711 ‘das
436 3657 558 3728 geistige
588 3656 678 3713 Band'
736 3660 807 3716 clari
823 3660 945 3715 muisis
958 3658 1105 3728 professor.

121 3726 208 3796 fehlt,
235 3727 286 3782 das
312 3727 498 3784 Verst'sndnis
525 3730 575 3784 der
601 3728 680 3785 Teilc
774 3736 816 3785 18.
842 3731 906 3800 Ipse
933 3730 1021 3797 dicit,
1049 3726 1096 3782 ein
1128 3725 1295 3796 gsfldgeltes

122 3798 270 3867 geldrdsrt
287 3797 366 3853 wind.
404 3799 484 3856 Tusa.
501 3800 535 3869 ll,
548 3808 575 3855 1:
595 3800 681 3869 Diffi·
736 3802 820 3857 Wort
836 3801 885 3856 des
907 3801 1075 3866 Altertums,
1098 3796 1129 3850 in
1150 3795 1200 3849 dor
1223 3796 1295 3865 gric-

122 3870 172 3924 u'le
195 3876 234 3925 cst
258 3871 330 3925 culm
353 3872 386 3925 s‘u
398 3872 574 3942 philosophia
587 3889 683 3942 pauco
737 3872 873 3927 chischen
881 3868 1147 3941 Fassungerhslten
1155 3864 1294 3935 bsiDiog.

121 3955 176 3995 esso
194 3942 220 3995 ei
233 3946 313 4009 uota,
333 3943 379 3998 cui
392 3959 449 3999 usu
461 3945 519 3999 siut
531 3950 582 3999 out
589 3945 681 4013 pleru-
735 3943 829 4000 Laert.
847 3944 926 4013 VIII,
945 3950 980 3998 46
1005 3940 1063 3994 und
1087 3937 1128 3991 im
1154 3936 1248 3991 Schol.
1271 3955 1295 3992 a.

122 4027 172 4079 que
190 4017 241 4067 aut
259 4014 361 4068 omuu'u
736 4015 881 4086 Aristoph.
895 4015 969 4070 Nub.
984 4018 1048 4068 196:
1066 4005 1144 4078 παρὰ
1158 4010 1296 4077 Πυθαγο·

159 4087 184 4137 8.
203 4084 263 4138 ulia
281 4100 315 4139 sc
332 4085 391 4140 ulio
404 4101 483 4141 usco.
499 4085 578 4142 Tusc.
589 4086 623 4154 V,
633 4092 680 4142 70:
735 4088 822 4157 ρείοις
839 4085 871 4141 τὸ
890 4082 993 4147 αὐτὸς
1011 4078 1092 4151 ἔφα,
1116 4076 1259 4134 τουτέστιν
1279 4074 1295 4134 ὃ

124 4167 185 4207 cum
216 4170 308 4210 rerum
334 4172 433 4241 causus
459 4158 532 4213 clius
556 4174 589 4213 cu
616 4158 681 4241 ullis
735 4155 920 4227 Πυθαγόρας.
1130 4223 1163 4236 ..
1269 4222 1274 4235 ⁸

124 4230 207 4349 lllpridti
224 4231 264 4351 seht
279 4234 591 4369 npgqesqulllqthgpeeoeqgn
599 4230 680 4369 viliel-
733 4235 982 4354 Didielbiehalhiiid
1004 4222 1294 4363 dffilffptdiisllh

126 4362 185 4418 ders
199 4366 298 4421 cuwie
314 4367 348 4424 de
363 4370 522 4439 flauum:
543 4372 680 4440 quiduou
736 4369 783 4424 fiir
810 4385 910 4425 ansere
943 4368 1082 4423 Kenntnis
1117 4366 1166 4420 der
1190 4362 1293 4419 akade·

126 4434 165 4488 sle
183 4436 262 4492 uliud
280 4456 313 4494 cu
330 4441 385 4497 ulio
403 4441 542 4499 uertitur?
733 4440 861 4496 mischen
878 4441 976 4497 Lehre.
1014 4434 1219 4510 Ursprfinglieh
1244 4449 1295 4486 aus
