3059 4917
518 302 999 371 ure.1.cAP.eo‚e1.eee-ea
1306 305 1348 372 75

169 477 269 557 atque
296 469 406 554 ipsum
435 467 498 533 sibi
526 466 710 551 displicere!
757 464 812 530 An
840 470 878 530 tu
904 464 970 529 mei
994 464 1134 529 similem
1156 469 1254 548 putes
1278 488 1347 531 esse

169 565 228 627 aut
250 558 300 625 tui
323 557 441 623 deum?
477 550 630 621 Profecto
652 578 720 621 uon
742 559 850 639 putas.
888 551 972 630 Quid
993 553 1094 640 ergo?
1120 554 1223 619 solem
1242 554 1347 620 dicam

170 654 228 717 aut
254 650 365 713 lunam
389 650 447 712 aut
470 646 595 711 eaelum
617 644 736 709 deum?
782 643 872 730 Ergo
897 642 997 708 etiam
1019 642 1174 708 beatum?
1221 640 1346 719 Quibus

169 740 333 804 fruentem
358 733 607 820 voluptatibus?
653 733 699 797 Et
729 732 934 817 sapientem?
982 730 1045 808 oui
1074 735 1187 817 potest
1214 754 1285 797 esse
1311 732 1348 797 in

133 829 238 894 seius
271 826 362 891 modi
393 829 509 891 trunco
543 822 727 908 sapientia?
773 823 864 887 Haec
895 825 1005 887 vestra
1038 826 1123 887 sunt.
1177 819 1212 886 si
1244 821 1348 907 igitur
1366 831 1400 881 85

167 939 228 983 nec
251 915 394 979 humano
418 934 540 997 corpore
558 918 631 977 suot
649 913 695 997 di,
718 911 807 997 quod
825 910 934 996 docui,
955 932 1016 975 nec
1034 910 1095 975 tali
1113 910 1237 996 aliquo,
1261 910 1348 996 quod

168 1006 233 1071 tibi
255 1004 303 1069 ita
325 1023 517 1088 persuasum
541 1006 604 1086 est,
632 1000 710 1086 quid
732 1000 864 1065 dubitas
886 1021 1007 1086 negare
1030 999 1107 1065 deos
1131 999 1225 1065 esse?
1270 998 1348 1065 Non

170 1094 279 1159 audes.
331 1090 504 1176 Sapienter
539 1091 573 1155 id
610 1090 753 1175 quidem,
790 1090 855 1154 etsi
889 1088 952 1154 hoe
986 1089 1059 1153 loco
1090 1110 1158 1153 non
1188 1088 1347 1173 populum

170 1182 305 1266 metuis,
335 1181 392 1245 sed
420 1181 510 1265 ipsos
541 1180 626 1245 deos.
678 1177 765 1244 Novi
796 1200 857 1265 ego
888 1177 1068 1263 Epicureos
1098 1178 1208 1242 omnia
1237 1178 1347 1264 sigilla

121 1291 152 1333 10
170 1273 377 1356 venerantes3
410 1290 608 1354 quamquam
630 1268 724 1333 video
747 1288 816 1333 non
836 1268 936 1332 nullis
959 1266 1062 1332 videri
1085 1266 1278 1352 Epicurum,
1305 1289 1347 1331 ne

170 1362 207 1425 in
235 1359 446 1425 offensionem
474 1356 726 1422 Atheniensium
754 1356 897 1441 caderet,
925 1355 1033 1421 verbis
1060 1355 1232 1441 reliquisse
1259 1357 1347 1441 deos,

169 1472 205 1513 re
236 1447 418 1514 sustulisse.
462 1446 579 1531 Itaque
608 1446 643 1510 in
672 1446 738 1511 illie
770 1446 900 1511 selectis
930 1445 999 1510 eius
1029 1445 1247 1531 brevibusque
1278 1467 1348 1510 seu·

169 1537 298 1622 tentiis,
329 1558 409 1622 quas
433 1535 606 1620 appellatis
630 1536 744 1617 κυρίας
768 1530 883 1618 δόξας,
909 1533 1003 1619 haec,
1026 1538 1064 1598 ut
1087 1534 1218 1619 opinor,
1240 1534 1347 1619 prima

169 1626 334 1693 sententia
364 1630 427 1690 est:
456 1622 583 1701 ‘Quod
612 1623 768 1689 beatum
799 1626 838 1687 et
863 1623 1084 1687 immortale
1112 1627 1184 1707 est,
1213 1624 1251 1687 id
1277 1644 1347 1689 neo

122 1734 151 1776 rs
168 1716 287 1780 habet
313 1736 382 1779 uec
410 1712 570 1779 exhibet
599 1713 778 1797 cuiquam
804 1706 1033 1798 negotium'.
1079 1712 1119 1776 In
1141 1711 1203 1776 hae
1225 1713 1273 1777 ita
1296 1734 1348 1777 ex·
1366 1712 1407 1777 31

169 1805 279 1890 posita
306 1802 469 1869 sententia
496 1805 574 1867 sunt
598 1801 655 1887 qui
678 1801 880 1886 existiment,
907 1800 995 1886 quod
1017 1800 1072 1865 ille
1095 1800 1227 1865 inscitia
1249 1801 1346 1885 plane

169 1892 325 1979 loquendi
354 1891 491 1977 fecerat,
520 1890 638 1955 fecisse
668 1891 833 1976 consulto,
866 1890 904 1955 de
931 1889 1064 1955 homine
1091 1890 1226 1955 minime
1253 1889 1345 1955 vafro

170 1983 255 2047 mule
279 1980 476 2046 existimant.
518 1977 663 2044 Dubium
686 1984 737 2045 est
760 1979 861 2064 enim,
883 1982 995 2043 utrum
1017 1979 1105 2044 dieat
1127 1978 1251 2064 aliquid
1274 2000 1345 2044 esse
1365 1990 1400 2041 86

170 2071 305 2136 beatum
324 2074 357 2133 et
374 2069 574 2153 immortale,
598 2090 653 2153 an,
677 2068 803 2154 siquid
822 2068 874 2133 sit.
915 2066 993 2132 Non
1011 2067 1274 2132 animadvertunt
1291 2066 1346 2133 hic

123 2178 154 2219 ao
173 2180 247 2224 eum
270 2157 421 2244 ambigue
443 2158 591 2222 locutum
614 2179 697 2242 esse,
723 2157 780 2222 sed
802 2156 915 2221 multis
939 2156 1013 2222 aliis
1035 2156 1117 2221 locis
1141 2160 1174 2220 et
1196 2156 1290 2220 illum
1313 2160 1347 2221 et

172 2246 396 2313 Metrodorum
423 2250 492 2311 tam
519 2250 631 2333 aperte
657 2269 754 2331 quam
777 2246 875 2330 paulo
898 2249 975 2310 ante
998 2249 1040 2310 te.
1085 2244 1145 2309 Ille
1168 2267 1245 2310 vero
1268 2244 1345 2310 deos

208 2427 232 2476 1.
244 2393 302 2477 erue
321 2421 481 2491 cupreae!
508 2420 574 2474 Man
597 2422 729 2476 erwaaec
819 2426 845 2475 e.
872 2422 921 2476 un
945 2421 1012 2488 1000,
1037 2435 1082 2474 wo
1108 2419 1161 2474 wir
1184 2422 1268 2474 unca
1293 2436 1346 2473 uns

169 2494 237 2560 titt·
255 2491 345 2547 durch
362 2493 418 2547 sibi
436 2489 507 2545 wird
526 2491 576 2545 der
594 2490 730 2547 Gedunke
785 2491 856 2546 siud.

168 2562 424 2633 verallgemeincrt.
461 2562 496 2617 So
516 2562 587 2617 wird
606 2562 656 2617 das
674 2563 729 2618 Re·
821 2569 863 2617 12.
887 2563 993 2633 Itaque.
1034 2561 1119 2616 Diese
1144 2560 1273 2617 Partikel
1297 2578 1345 2633 ge·

169 2634 410 2705 flexivpronomen
451 2633 523 2687 auch
565 2633 638 2689 ohne
678 2634 729 2688 Be·
784 2634 851 2688 hdrt
865 2633 1020 2703 cigentlich
1038 2651 1072 2686 zu
1090 2633 1154 2687 dem
1172 2632 1226 2687 mit
1239 2633 1278 2687 Ia
1295 2634 1347 2689 bac

170 2706 293 2775 ziehung
324 2705 375 2760 auf
403 2703 449 2759 ein
484 2705 730 2774 vorhcrgcheudes
784 2707 827 2760 ita
844 2706 968 2773 expositu
989 2705 1125 2759 scatentia
1147 2702 1346 2773 beginnendeu

171 2776 293 2847 Subjelrt
311 2777 381 2831 dazu
397 2776 566 2845 gebraucht,
586 2793 632 2829 um
647 2792 731 2830 unser
785 2774 952 2843 Gedankon,
972 2774 1037 2829 dem
1050 2774 1100 2827 der
1113 2773 1345 2843 vorhergehende

170 2843 729 2915 deutsches‘man,eiuer’auszudrlicken.
786 2846 851 2900 Sata
891 2844 1113 2915 untergeordnet
1153 2844 1214 2897 sein
1251 2844 1345 2901 sollte.

172 2918 238 2987 Vgl.
248 2917 296 2987 ΙΙΙ,
305 2924 351 2974 88:
366 2934 421 2974 ace
430 2919 499 2987 ipso,
517 2918 606 2973 Acad.
616 2917 671 2987 1‚4,
683 2925 730 2973 16:
785 2917 866 2971 Denn
893 2934 946 2969 nur
974 2916 1063 2976 durch
1091 2914 1150 2982 die,
1179 2914 1233 2970 wie
1261 2913 1346 2971 Getta

170 2990 238 3045 baec
260 2995 298 3045 cst
316 3006 375 3044 aba
393 2991 481 3044 omnis
498 2990 650 3059 supientia,
674 3006 731 3045 noa
784 2986 885 3056 meint,
906 2985 1093 3041 absichtliehe
1107 2984 1345 3056 Zweideutiglreit

170 3060 321 3128 arbitrari,
351 3075 379 3114 sc
406 3062 488 3128 seire,
517 3061 590 3130 quod
618 3061 730 3116 emetat.
784 3058 906 3129 Epikurs
933 3059 1011 3112 kann
1038 3057 1088 3111 der
1115 3057 1181 3111 Sata
1206 3056 1347 3128 bestdtigt

171 3130 226 3185 Ein
262 3130 408 3185 dhnlicher
437 3131 570 3185 Weehsel
605 3130 658 3185 wie
695 3148 732 3185 an
785 3129 911 3199 werden,
939 3130 1028 3203 emble
1053 3130 1194 3199 reliquisse
1216 3130 1293 3196 deos,
1315 3145 1346 3186 rc

169 3218 287 3258 nuserer
311 3202 399 3257 Stellc
426 3202 515 3257 findet
542 3200 603 3257 sich
632 3208 730 3269 §1222
785 3202 934 3257 malisse.
986 3199 1125 3255 Ahnliche
1162 3198 1344 3271 Nachlassig-

169 3275 325 3331 utilitatum
342 3290 466 3329 marum.
784 3271 882 3327 keiten
892 3272 943 3327 der
956 3270 1129 3327 Dietionbci
1142 3273 1234 3341 itaque
1247 3272 1343 3327 finden

206 3352 231 3400 2.
258 3347 340 3401 colem
353 3345 444 3401 dicum
468 3347 522 3399 etc.
553 3344 730 3399 Zusammen-
785 3343 846 3398 sich
859 3343 939 3397 Tusc.
954 3343 988 3412 ll,
1000 3348 1043 3410 62,
1062 3344 1097 3397 de
1117 3345 1186 3398 orat.
1202 3344 1236 3410 ll,
1247 3348 1308 3399 217.

169 3417 259 3486 hang:
278 3416 322 3471 Da
339 3415 391 3469 wir
409 3415 534 3485 genehen
547 3416 653 3484 haben,
673 3414 730 3471 dall
821 3421 863 3469 13.
883 3416 983 3484 κυρίας
1002 3411 1101 3482 δόξας,
1121 3433 1142 3469 s.
1157 3420 1247 3481 §§43;
1265 3420 1310 3469 45.

167 3488 217 3543 die
236 3486 337 3543 Gdtter
357 3486 439 3542 nicht
461 3486 730 3542 menscheutthnlich
823 3492 863 3540 to.
883 3487 996 3541 inscitie
1005 3487 1091 3555 plone
1105 3487 1239 3556 loquendi.
1268 3484 1346 3541 Statt

170 3558 246 3627 sind,
271 3574 302 3613 se
324 3558 416 3614 bleibt
433 3576 488 3613 nur
504 3558 579 3613 noeh
599 3559 648 3612 der
667 3557 733 3613 eine·
786 3558 865 3628 Qreod
883 3558 991 3611 beatum
1008 3563 1034 3612 et
1048 3558 1200 3613 immortale
1213 3563 1252 3613 est
1264 3557 1345 3611 hatte

170 3632 293 3698 Ausweg
317 3628 413 3698 dbrig,
441 3628 534 3683 Soune
560 3629 618 3682 und
643 3628 730 3683 Mond
785 3644 816 3682 er
834 3628 947 3682 einfach
965 3629 1032 3683 decc
1050 3644 1137 3699 sagon
1156 3628 1259 3695 sollen,
1279 3626 1346 3682 weil

167 3699 217 3753 l'dr
241 3698 342 3753 (letter
368 3717 402 3754 zu
428 3700 541 3782 hatten..
580 3700 656 3755 Aber
681 3701 730 3754 da·
785 3716 852 3753 man
870 3698 968 3753 diesen
983 3698 1048 3753 Sata
1067 3700 1140 3753 auch
1162 3697 1346 3753 kondieional

170 3769 731 3921 rgriidodehebbllbhhiblh{dhldgbddrddddl
786 3769 1061 3896 audllssddbtibadmorbe
1086 3856 1135 3894 aus
1160 3838 1343 3909 Lampsulrus,

171 3910 225 3965 D1e
243 3910 355 3966 Worte:
374 3911 450 3983 Eryo
469 3914 550 3967 etiem
569 3915 676 3970 beatam
696 3944 731 3955 -
785 3912 835 3966 der
853 3911 1113 3983 Lieblingssehdler
1130 3908 1260 3980 Epikurs.
1279 3909 1343 3978 vgl.

168 3981 331 4051 capientia?
350 3980 413 4036 siud
440 3982 499 4037 also
518 3982 557 4037 im
577 3984 660 4039 Sinne
680 3985 730 4040 des
785 3981 1345 4052 §113rEpicarc'eollc9acopieutiocund

171 4052 299 4109 Velleius
325 4054 502 4124 gesproehen
527 4054 615 4125 (Haec
641 4062 730 4112 oestro
785 4055 820 4108 de
839 4054 884 4110 fin.
901 4056 993 4120 [1,92ε
1008 4069 1098 4122 pocae
1111 4054 1181 4107 alter
1194 4052 1345 4121 Epicurus.

168 4130 256 4194 aaut).
785 4126 850 4180 Von
875 4124 973 4179 seinen
996 4122 1176 4177 zahlreichen
1204 4122 1347 4178 Schriften

207 4202 232 4253 t.
251 4195 425 4265 traoeo,der
434 4195 546 4267 Rumpf,
557 4197 621 4251 dem
634 4197 732 4269 Haupt
786 4196 850 4250 siud
867 4214 921 4250 nur
949 4194 1088 4267 sparliche
1106 4194 1275 4265 Fragmeute
1304 4210 1346 4249 er-

170 4268 228 4336 und
246 4267 362 4323 Glieder
379 4266 483 4337 fehlen,
503 4267 561 4322 und
580 4269 643 4323 dem
669 4269 730 4323 des·
785 4268 892 4322 hulten.

171 4338 240 4392 halb
259 4338 362 4393 Gefdhl
382 4339 441 4393 und
456 4340 597 4395 Verstand
615 4339 730 4409 cbgcht.
821 4356 904 4409 quum
918 4339 1006 4409 paolo
1031 4344 1096 4394 ante
1118 4345 1144 4394 te
1167 4338 1238 4391 statt
1258 4337 1347 4406 paulo

208 4415 232 4465 6.
261 4411 314 4466 razi
344 4411 451 4480 alioue,
482 4410 536 4466 mit
561 4412 656 4479 Bezug
685 4410 736 4465 auf
786 4415 851 4465 ante
868 4418 900 4466 tu
919 4428 957 4464 se.
972 4411 1078 4466 loeutus
1096 4426 1131 4465 cs.
1156 4408 1210 4463 Die
1230 4408 1346 4463 Attrah-

172 4480 253 4536 colcm
271 4483 361 4538 dicam
376 4513 410 4523 —
428 4483 515 4539 deum
786 4479 848 4535 tion
865 4480 931 4535 tritt
949 4480 1004 4550 ein,
1032 4480 1126 4535 indem
1155 4480 1228 4535 auch
1256 4478 1349 4533 dieser
